%YAML 1.1
%TAG !u! tag:unity3d.com,2011:
--- !u!29 &1
OcclusionCullingSettings:
  m_ObjectHideFlags: 0
  serializedVersion: 2
  m_OcclusionBakeSettings:
    smallestOccluder: 5
    smallestHole: 0.25
    backfaceThreshold: 100
  m_SceneGUID: 00000000000000000000000000000000
  m_OcclusionCullingData: {fileID: 0}
--- !u!104 &2
RenderSettings:
  m_ObjectHideFlags: 0
  serializedVersion: 8
  m_Fog: 1
  m_FogColor: {r: 0.5, g: 0.5, b: 0.5, a: 1}
  m_FogMode: 3
  m_FogDensity: 0.001
  m_LinearFogStart: 0
  m_LinearFogEnd: 300
  m_AmbientSkyColor: {r: 0, g: 0, b: 0, a: 0}
  m_AmbientEquatorColor: {r: 0, g: 0, b: 0, a: 0}
  m_AmbientGroundColor: {r: 0, g: 0, b: 0, a: 0}
  m_AmbientIntensity: 0
  m_AmbientMode: 0
  m_SubtractiveShadowColor: {r: 0.42, g: 0.478, b: 0.627, a: 1}
  m_SkyboxMaterial: {fileID: 2100000, guid: 12ccb828343c3405fb94289774b51aad, type: 2}
  m_HaloStrength: 0.5
  m_FlareStrength: 1
  m_FlareFadeSpeed: 3
  m_HaloTexture: {fileID: 0}
  m_SpotCookie: {fileID: 10001, guid: 0000000000000000e000000000000000, type: 0}
  m_DefaultReflectionMode: 0
  m_DefaultReflectionResolution: 128
  m_ReflectionBounces: 1
  m_ReflectionIntensity: 1
  m_CustomReflection: {fileID: 0}
  m_Sun: {fileID: 0}
  m_IndirectSpecularColor: {r: 0, g: 0, b: 0, a: 1}
--- !u!157 &4
LightmapSettings:
  m_ObjectHideFlags: 0
  serializedVersion: 11
  m_GIWorkflowMode: 1
  m_GISettings:
    serializedVersion: 2
    m_BounceScale: 1
    m_IndirectOutputScale: 1
    m_AlbedoBoost: 1
    m_TemporalCoherenceThreshold: 1
    m_EnvironmentLightingMode: 0
    m_EnableBakedLightmaps: 0
    m_EnableRealtimeLightmaps: 0
  m_LightmapEditorSettings:
    serializedVersion: 9
    m_Resolution: 2
    m_BakeResolution: 40
    m_TextureWidth: 1024
    m_TextureHeight: 1024
    m_AO: 0
    m_AOMaxDistance: 1
    m_CompAOExponent: 0
    m_CompAOExponentDirect: 0
    m_Padding: 2
    m_LightmapParameters: {fileID: 0}
    m_LightmapsBakeMode: 1
    m_TextureCompression: 1
    m_FinalGather: 0
    m_FinalGatherFiltering: 1
    m_FinalGatherRayCount: 1024
    m_ReflectionCompression: 2
    m_MixedBakeMode: 1
    m_BakeBackend: 0
    m_PVRSampling: 1
    m_PVRDirectSampleCount: 32
    m_PVRSampleCount: 500
    m_PVRBounces: 2
    m_PVRFiltering: 0
    m_PVRFilteringMode: 1
    m_PVRCulling: 1
    m_PVRFilteringGaussRadiusDirect: 1
    m_PVRFilteringGaussRadiusIndirect: 5
    m_PVRFilteringGaussRadiusAO: 2
    m_PVRFilteringAtrousColorSigma: 1
    m_PVRFilteringAtrousNormalSigma: 1
    m_PVRFilteringAtrousPositionSigma: 1
  m_LightingDataAsset: {fileID: 112000001, guid: 19a8ddeb2bd88384fbfd9dfdcf4441f9,
    type: 2}
  m_UseShadowmask: 0
--- !u!196 &5
NavMeshSettings:
  serializedVersion: 2
  m_ObjectHideFlags: 0
  m_BuildSettings:
    serializedVersion: 2
    agentTypeID: 0
    agentRadius: 0.5
    agentHeight: 2
    agentSlope: 45
    agentClimb: 0.4
    ledgeDropHeight: 0
    maxJumpAcrossDistance: 0
    minRegionArea: 2
    manualCellSize: 0
    cellSize: 0.16666667
    manualTileSize: 0
    tileSize: 256
    accuratePlacement: 0
  m_NavMeshData: {fileID: 0}
--- !u!1001 &98142673
Prefab:
  m_ObjectHideFlags: 0
  serializedVersion: 2
  m_Modification:
    m_TransformParent: {fileID: 0}
    m_Modifications:
    - target: {fileID: 404870, guid: 67c59b1c266bda74ebf1904af09b71d6, type: 2}
      propertyPath: m_LocalPosition.x
      value: 25.2
      objectReference: {fileID: 0}
    - target: {fileID: 404870, guid: 67c59b1c266bda74ebf1904af09b71d6, type: 2}
      propertyPath: m_LocalPosition.y
      value: 8.11
      objectReference: {fileID: 0}
    - target: {fileID: 404870, guid: 67c59b1c266bda74ebf1904af09b71d6, type: 2}
      propertyPath: m_LocalPosition.z
      value: 0.457
      objectReference: {fileID: 0}
    - target: {fileID: 404870, guid: 67c59b1c266bda74ebf1904af09b71d6, type: 2}
      propertyPath: m_LocalRotation.x
      value: 0
      objectReference: {fileID: 0}
    - target: {fileID: 404870, guid: 67c59b1c266bda74ebf1904af09b71d6, type: 2}
      propertyPath: m_LocalRotation.y
      value: 0
      objectReference: {fileID: 0}
    - target: {fileID: 404870, guid: 67c59b1c266bda74ebf1904af09b71d6, type: 2}
      propertyPath: m_LocalRotation.z
      value: 0
      objectReference: {fileID: 0}
    - target: {fileID: 404870, guid: 67c59b1c266bda74ebf1904af09b71d6, type: 2}
      propertyPath: m_LocalRotation.w
      value: 1
      objectReference: {fileID: 0}
    - target: {fileID: 404870, guid: 67c59b1c266bda74ebf1904af09b71d6, type: 2}
      propertyPath: m_RootOrder
      value: 6
      objectReference: {fileID: 0}
    m_RemovedComponents: []
  m_ParentPrefab: {fileID: 100100000, guid: 67c59b1c266bda74ebf1904af09b71d6, type: 2}
  m_IsPrefabParent: 0
--- !u!1001 &133081276
Prefab:
  m_ObjectHideFlags: 0
  serializedVersion: 2
  m_Modification:
    m_TransformParent: {fileID: 0}
    m_Modifications:
    - target: {fileID: 438202, guid: b8305790892bc6f4299b73d79c0653dc, type: 2}
      propertyPath: m_LocalPosition.x
      value: 0
      objectReference: {fileID: 0}
    - target: {fileID: 438202, guid: b8305790892bc6f4299b73d79c0653dc, type: 2}
      propertyPath: m_LocalPosition.y
      value: 0
      objectReference: {fileID: 0}
    - target: {fileID: 438202, guid: b8305790892bc6f4299b73d79c0653dc, type: 2}
      propertyPath: m_LocalPosition.z
      value: 0
      objectReference: {fileID: 0}
    - target: {fileID: 438202, guid: b8305790892bc6f4299b73d79c0653dc, type: 2}
      propertyPath: m_LocalRotation.x
      value: 0
      objectReference: {fileID: 0}
    - target: {fileID: 438202, guid: b8305790892bc6f4299b73d79c0653dc, type: 2}
      propertyPath: m_LocalRotation.y
      value: 0
      objectReference: {fileID: 0}
    - target: {fileID: 438202, guid: b8305790892bc6f4299b73d79c0653dc, type: 2}
      propertyPath: m_LocalRotation.z
      value: 0
      objectReference: {fileID: 0}
    - target: {fileID: 438202, guid: b8305790892bc6f4299b73d79c0653dc, type: 2}
      propertyPath: m_LocalRotation.w
      value: 1
      objectReference: {fileID: 0}
    - target: {fileID: 438202, guid: b8305790892bc6f4299b73d79c0653dc, type: 2}
      propertyPath: m_RootOrder
      value: 7
      objectReference: {fileID: 0}
    m_RemovedComponents: []
  m_ParentPrefab: {fileID: 100100000, guid: b8305790892bc6f4299b73d79c0653dc, type: 2}
  m_IsPrefabParent: 0
--- !u!1001 &147479238
Prefab:
  m_ObjectHideFlags: 0
  serializedVersion: 2
  m_Modification:
    m_TransformParent: {fileID: 0}
    m_Modifications:
    - target: {fileID: 420786, guid: 3150436fabf37324ebdad1113265b201, type: 2}
      propertyPath: m_LocalPosition.x
      value: 0
      objectReference: {fileID: 0}
    - target: {fileID: 420786, guid: 3150436fabf37324ebdad1113265b201, type: 2}
      propertyPath: m_LocalPosition.y
      value: 8
      objectReference: {fileID: 0}
    - target: {fileID: 420786, guid: 3150436fabf37324ebdad1113265b201, type: 2}
      propertyPath: m_LocalPosition.z
      value: 0
      objectReference: {fileID: 0}
    - target: {fileID: 420786, guid: 3150436fabf37324ebdad1113265b201, type: 2}
      propertyPath: m_LocalRotation.x
      value: 0
      objectReference: {fileID: 0}
    - target: {fileID: 420786, guid: 3150436fabf37324ebdad1113265b201, type: 2}
      propertyPath: m_LocalRotation.y
      value: 0
      objectReference: {fileID: 0}
    - target: {fileID: 420786, guid: 3150436fabf37324ebdad1113265b201, type: 2}
      propertyPath: m_LocalRotation.z
      value: 0
      objectReference: {fileID: 0}
    - target: {fileID: 420786, guid: 3150436fabf37324ebdad1113265b201, type: 2}
      propertyPath: m_LocalRotation.w
      value: 1
      objectReference: {fileID: 0}
    - target: {fileID: 420786, guid: 3150436fabf37324ebdad1113265b201, type: 2}
      propertyPath: m_RootOrder
      value: 11
      objectReference: {fileID: 0}
    - target: {fileID: 420874, guid: 3150436fabf37324ebdad1113265b201, type: 2}
      propertyPath: m_LocalRotation.x
      value: 0.12925787
      objectReference: {fileID: 0}
    - target: {fileID: 420874, guid: 3150436fabf37324ebdad1113265b201, type: 2}
      propertyPath: m_LocalRotation.y
      value: -0.6580394
      objectReference: {fileID: 0}
    - target: {fileID: 420874, guid: 3150436fabf37324ebdad1113265b201, type: 2}
      propertyPath: m_LocalRotation.z
      value: 0.7371364
      objectReference: {fileID: 0}
    - target: {fileID: 420874, guid: 3150436fabf37324ebdad1113265b201, type: 2}
      propertyPath: m_LocalRotation.w
      value: 0.0831058
      objectReference: {fileID: 0}
    - target: {fileID: 11410336, guid: 3150436fabf37324ebdad1113265b201, type: 2}
      propertyPath: m_Enabled
      value: 1
      objectReference: {fileID: 0}
    - target: {fileID: 11425018, guid: 3150436fabf37324ebdad1113265b201, type: 2}
      propertyPath: m_Enabled
      value: 1
      objectReference: {fileID: 0}
    - target: {fileID: 417978, guid: 3150436fabf37324ebdad1113265b201, type: 2}
      propertyPath: m_LocalRotation.x
      value: 0.12925786
      objectReference: {fileID: 0}
    - target: {fileID: 417978, guid: 3150436fabf37324ebdad1113265b201, type: 2}
      propertyPath: m_LocalRotation.y
      value: -0.65803933
      objectReference: {fileID: 0}
    - target: {fileID: 417978, guid: 3150436fabf37324ebdad1113265b201, type: 2}
      propertyPath: m_LocalRotation.z
      value: 0.73713636
      objectReference: {fileID: 0}
    - target: {fileID: 417978, guid: 3150436fabf37324ebdad1113265b201, type: 2}
      propertyPath: m_LocalRotation.w
      value: 0.083105795
      objectReference: {fileID: 0}
    - target: {fileID: 5030648, guid: 3150436fabf37324ebdad1113265b201, type: 2}
      propertyPath: m_BodyType
      value: 0
      objectReference: {fileID: 0}
    - target: {fileID: 5030648, guid: 3150436fabf37324ebdad1113265b201, type: 2}
      propertyPath: m_SleepingMode
      value: 1
      objectReference: {fileID: 0}
    - target: {fileID: 5030648, guid: 3150436fabf37324ebdad1113265b201, type: 2}
      propertyPath: m_Constraints
      value: 4
      objectReference: {fileID: 0}
    m_RemovedComponents: []
  m_ParentPrefab: {fileID: 100100000, guid: 3150436fabf37324ebdad1113265b201, type: 2}
  m_IsPrefabParent: 0
--- !u!1001 &167037067
Prefab:
  m_ObjectHideFlags: 0
  serializedVersion: 2
  m_Modification:
    m_TransformParent: {fileID: 0}
    m_Modifications:
    - target: {fileID: 11411922, guid: 7f8f11e4772bd9d42bd892c7f271e941, type: 2}
      propertyPath: CameraZoomPoints.Array.size
      value: 2
      objectReference: {fileID: 0}
    - target: {fileID: 11411922, guid: 7f8f11e4772bd9d42bd892c7f271e941, type: 2}
      propertyPath: CameraZoomValues.Array.size
      value: 2
      objectReference: {fileID: 0}
    - target: {fileID: 422780, guid: 7f8f11e4772bd9d42bd892c7f271e941, type: 2}
      propertyPath: m_LocalPosition.x
      value: 0
      objectReference: {fileID: 0}
    - target: {fileID: 422780, guid: 7f8f11e4772bd9d42bd892c7f271e941, type: 2}
      propertyPath: m_LocalPosition.y
      value: 6
      objectReference: {fileID: 0}
    - target: {fileID: 422780, guid: 7f8f11e4772bd9d42bd892c7f271e941, type: 2}
      propertyPath: m_LocalPosition.z
      value: -8
      objectReference: {fileID: 0}
    - target: {fileID: 422780, guid: 7f8f11e4772bd9d42bd892c7f271e941, type: 2}
      propertyPath: m_LocalRotation.x
      value: 0
      objectReference: {fileID: 0}
    - target: {fileID: 422780, guid: 7f8f11e4772bd9d42bd892c7f271e941, type: 2}
      propertyPath: m_LocalRotation.y
      value: 0
      objectReference: {fileID: 0}
    - target: {fileID: 422780, guid: 7f8f11e4772bd9d42bd892c7f271e941, type: 2}
      propertyPath: m_LocalRotation.z
      value: 0
      objectReference: {fileID: 0}
    - target: {fileID: 422780, guid: 7f8f11e4772bd9d42bd892c7f271e941, type: 2}
      propertyPath: m_LocalRotation.w
      value: 1
      objectReference: {fileID: 0}
    - target: {fileID: 422780, guid: 7f8f11e4772bd9d42bd892c7f271e941, type: 2}
      propertyPath: m_RootOrder
      value: 5
      objectReference: {fileID: 0}
    - target: {fileID: 11411922, guid: 7f8f11e4772bd9d42bd892c7f271e941, type: 2}
      propertyPath: target
      value: 
      objectReference: {fileID: 1820354233}
    - target: {fileID: 11411922, guid: 7f8f11e4772bd9d42bd892c7f271e941, type: 2}
      propertyPath: CameraZoomValues.Array.data[1]
      value: 12
      objectReference: {fileID: 0}
    - target: {fileID: 11411922, guid: 7f8f11e4772bd9d42bd892c7f271e941, type: 2}
      propertyPath: CameraZoomPoints.Array.data[1]
      value: 4
      objectReference: {fileID: 0}
    m_RemovedComponents: []
  m_ParentPrefab: {fileID: 100100000, guid: 7f8f11e4772bd9d42bd892c7f271e941, type: 2}
  m_IsPrefabParent: 0
--- !u!4 &204491653 stripped
Transform:
  m_PrefabParentObject: {fileID: 460588, guid: b3862bae3bf422c49886ddd0a16d5fe4, type: 2}
  m_PrefabInternal: {fileID: 1774754979}
--- !u!1 &250678790
GameObject:
  m_ObjectHideFlags: 0
  m_PrefabParentObject: {fileID: 0}
  m_PrefabInternal: {fileID: 0}
  serializedVersion: 5
  m_Component:
  - component: {fileID: 250678791}
  m_Layer: 10
  m_Name: Floor
  m_TagString: Untagged
  m_Icon: {fileID: 0}
  m_NavMeshLayer: 0
  m_StaticEditorFlags: 0
  m_IsActive: 1
--- !u!4 &250678791
Transform:
  m_ObjectHideFlags: 0
  m_PrefabParentObject: {fileID: 0}
  m_PrefabInternal: {fileID: 0}
  m_GameObject: {fileID: 250678790}
  m_LocalRotation: {x: 0, y: 0, z: 0, w: 1}
  m_LocalPosition: {x: 0, y: 5, z: -250}
  m_LocalScale: {x: 1, y: 1, z: 1}
  m_Children:
  - {fileID: 287429902}
  - {fileID: 789282900}
  - {fileID: 732552060}
  - {fileID: 1462967052}
  - {fileID: 431177108}
  - {fileID: 1051152422}
  - {fileID: 1661205691}
  - {fileID: 1180750924}
  - {fileID: 830669530}
  - {fileID: 1845982493}
  - {fileID: 613231962}
  - {fileID: 1579302013}
  - {fileID: 1441173907}
  - {fileID: 825293299}
  - {fileID: 204491653}
  m_Father: {fileID: 0}
  m_RootOrder: 2
  m_LocalEulerAnglesHint: {x: 0, y: 0, z: 0}
--- !u!4 &287429902 stripped
Transform:
  m_PrefabParentObject: {fileID: 460588, guid: b3862bae3bf422c49886ddd0a16d5fe4, type: 2}
  m_PrefabInternal: {fileID: 544030518}
--- !u!1 &294267207
GameObject:
  m_ObjectHideFlags: 0
  m_PrefabParentObject: {fileID: 0}
  m_PrefabInternal: {fileID: 0}
  serializedVersion: 5
  m_Component:
  - component: {fileID: 294267209}
  m_Layer: 0
  m_Name: Saws
  m_TagString: Untagged
  m_Icon: {fileID: 0}
  m_NavMeshLayer: 0
  m_StaticEditorFlags: 0
  m_IsActive: 1
--- !u!4 &294267209
Transform:
  m_ObjectHideFlags: 0
  m_PrefabParentObject: {fileID: 0}
  m_PrefabInternal: {fileID: 0}
  m_GameObject: {fileID: 294267207}
  m_LocalRotation: {x: 0, y: 0, z: 0, w: 1}
  m_LocalPosition: {x: 0, y: 0, z: 0}
  m_LocalScale: {x: 1, y: 1, z: 1}
  m_Children: []
  m_Father: {fileID: 0}
  m_RootOrder: 15
  m_LocalEulerAnglesHint: {x: 0, y: 0, z: 0}
--- !u!1001 &431177107
Prefab:
  m_ObjectHideFlags: 0
  serializedVersion: 2
  m_Modification:
    m_TransformParent: {fileID: 250678791}
    m_Modifications:
    - target: {fileID: 460588, guid: b3862bae3bf422c49886ddd0a16d5fe4, type: 2}
      propertyPath: m_LocalPosition.x
      value: 26
      objectReference: {fileID: 0}
    - target: {fileID: 460588, guid: b3862bae3bf422c49886ddd0a16d5fe4, type: 2}
      propertyPath: m_LocalPosition.y
      value: 2
      objectReference: {fileID: 0}
    - target: {fileID: 460588, guid: b3862bae3bf422c49886ddd0a16d5fe4, type: 2}
      propertyPath: m_LocalPosition.z
      value: 250
      objectReference: {fileID: 0}
    - target: {fileID: 460588, guid: b3862bae3bf422c49886ddd0a16d5fe4, type: 2}
      propertyPath: m_LocalRotation.x
      value: -0
      objectReference: {fileID: 0}
    - target: {fileID: 460588, guid: b3862bae3bf422c49886ddd0a16d5fe4, type: 2}
      propertyPath: m_LocalRotation.y
      value: -0
      objectReference: {fileID: 0}
    - target: {fileID: 460588, guid: b3862bae3bf422c49886ddd0a16d5fe4, type: 2}
      propertyPath: m_LocalRotation.z
      value: -0
      objectReference: {fileID: 0}
    - target: {fileID: 460588, guid: b3862bae3bf422c49886ddd0a16d5fe4, type: 2}
      propertyPath: m_LocalRotation.w
      value: 1
      objectReference: {fileID: 0}
    - target: {fileID: 460588, guid: b3862bae3bf422c49886ddd0a16d5fe4, type: 2}
      propertyPath: m_RootOrder
      value: 4
      objectReference: {fileID: 0}
    - target: {fileID: 460588, guid: b3862bae3bf422c49886ddd0a16d5fe4, type: 2}
      propertyPath: m_LocalScale.x
      value: 5
      objectReference: {fileID: 0}
    - target: {fileID: 118994, guid: b3862bae3bf422c49886ddd0a16d5fe4, type: 2}
      propertyPath: m_Name
      value: Floor Tile 7 (7)
      objectReference: {fileID: 0}
    - target: {fileID: 118994, guid: b3862bae3bf422c49886ddd0a16d5fe4, type: 2}
      propertyPath: m_Layer
      value: 10
      objectReference: {fileID: 0}
    m_RemovedComponents: []
  m_ParentPrefab: {fileID: 100100000, guid: b3862bae3bf422c49886ddd0a16d5fe4, type: 2}
  m_IsPrefabParent: 0
--- !u!4 &431177108 stripped
Transform:
  m_PrefabParentObject: {fileID: 460588, guid: b3862bae3bf422c49886ddd0a16d5fe4, type: 2}
  m_PrefabInternal: {fileID: 431177107}
--- !u!1001 &478120177
Prefab:
  m_ObjectHideFlags: 0
  serializedVersion: 2
  m_Modification:
    m_TransformParent: {fileID: 0}
    m_Modifications:
    - target: {fileID: 458004, guid: b2ee40b4fc35034428b4fe88bb79c00c, type: 2}
      propertyPath: m_LocalPosition.x
      value: 0
      objectReference: {fileID: 0}
    - target: {fileID: 458004, guid: b2ee40b4fc35034428b4fe88bb79c00c, type: 2}
      propertyPath: m_LocalPosition.y
      value: 0
      objectReference: {fileID: 0}
    - target: {fileID: 458004, guid: b2ee40b4fc35034428b4fe88bb79c00c, type: 2}
      propertyPath: m_LocalPosition.z
      value: 0
      objectReference: {fileID: 0}
    - target: {fileID: 458004, guid: b2ee40b4fc35034428b4fe88bb79c00c, type: 2}
      propertyPath: m_LocalRotation.x
      value: 0
      objectReference: {fileID: 0}
    - target: {fileID: 458004, guid: b2ee40b4fc35034428b4fe88bb79c00c, type: 2}
      propertyPath: m_LocalRotation.y
      value: 0
      objectReference: {fileID: 0}
    - target: {fileID: 458004, guid: b2ee40b4fc35034428b4fe88bb79c00c, type: 2}
      propertyPath: m_LocalRotation.z
      value: 0
      objectReference: {fileID: 0}
    - target: {fileID: 458004, guid: b2ee40b4fc35034428b4fe88bb79c00c, type: 2}
      propertyPath: m_LocalRotation.w
      value: 1
      objectReference: {fileID: 0}
    - target: {fileID: 458004, guid: b2ee40b4fc35034428b4fe88bb79c00c, type: 2}
      propertyPath: m_RootOrder
      value: 14
      objectReference: {fileID: 0}
    - target: {fileID: 4000013689905972, guid: b2ee40b4fc35034428b4fe88bb79c00c, type: 2}
      propertyPath: m_LocalPosition.x
      value: 0.38
      objectReference: {fileID: 0}
    - target: {fileID: 4000011758012728, guid: b2ee40b4fc35034428b4fe88bb79c00c, type: 2}
      propertyPath: m_LocalPosition.y
      value: 0.26
      objectReference: {fileID: 0}
    - target: {fileID: 4000011758012728, guid: b2ee40b4fc35034428b4fe88bb79c00c, type: 2}
      propertyPath: m_LocalPosition.z
      value: 2.09
      objectReference: {fileID: 0}
    - target: {fileID: 4000011083549054, guid: b2ee40b4fc35034428b4fe88bb79c00c, type: 2}
      propertyPath: m_LocalPosition.z
      value: 2.06
      objectReference: {fileID: 0}
    - target: {fileID: 4000013985706380, guid: b2ee40b4fc35034428b4fe88bb79c00c, type: 2}
      propertyPath: m_LocalPosition.y
      value: -0.19
      objectReference: {fileID: 0}
    - target: {fileID: 4000013985706380, guid: b2ee40b4fc35034428b4fe88bb79c00c, type: 2}
      propertyPath: m_LocalPosition.z
      value: 2.2
      objectReference: {fileID: 0}
    - target: {fileID: 4000012632029040, guid: b2ee40b4fc35034428b4fe88bb79c00c, type: 2}
      propertyPath: m_LocalPosition.y
      value: -0.02
      objectReference: {fileID: 0}
    - target: {fileID: 4000012632029040, guid: b2ee40b4fc35034428b4fe88bb79c00c, type: 2}
      propertyPath: m_LocalPosition.z
      value: 2.17
      objectReference: {fileID: 0}
    - target: {fileID: 4000012942976008, guid: b2ee40b4fc35034428b4fe88bb79c00c, type: 2}
      propertyPath: m_LocalPosition.y
      value: -0.2
      objectReference: {fileID: 0}
    - target: {fileID: 4000012942976008, guid: b2ee40b4fc35034428b4fe88bb79c00c, type: 2}
      propertyPath: m_LocalPosition.z
      value: 2.29
      objectReference: {fileID: 0}
    - target: {fileID: 4000010715360048, guid: b2ee40b4fc35034428b4fe88bb79c00c, type: 2}
      propertyPath: m_LocalPosition.y
      value: 0.02
      objectReference: {fileID: 0}
    - target: {fileID: 4000010715360048, guid: b2ee40b4fc35034428b4fe88bb79c00c, type: 2}
      propertyPath: m_LocalPosition.z
      value: 2.26
      objectReference: {fileID: 0}
    - target: {fileID: 179008, guid: b2ee40b4fc35034428b4fe88bb79c00c, type: 2}
      propertyPath: m_IsActive
      value: 1
      objectReference: {fileID: 0}
    - target: {fileID: 460386, guid: b2ee40b4fc35034428b4fe88bb79c00c, type: 2}
      propertyPath: m_LocalPosition.x
      value: 27.23
      objectReference: {fileID: 0}
    m_RemovedComponents: []
  m_ParentPrefab: {fileID: 100100000, guid: b2ee40b4fc35034428b4fe88bb79c00c, type: 2}
  m_IsPrefabParent: 0
--- !u!1001 &492997823
Prefab:
  m_ObjectHideFlags: 0
  serializedVersion: 2
  m_Modification:
    m_TransformParent: {fileID: 0}
    m_Modifications:
    - target: {fileID: 428538, guid: c71a869a5282b7e4193e61e6a3b88fef, type: 2}
      propertyPath: m_LocalPosition.x
      value: 13.7
      objectReference: {fileID: 0}
    - target: {fileID: 428538, guid: c71a869a5282b7e4193e61e6a3b88fef, type: 2}
      propertyPath: m_LocalPosition.y
      value: 12.5
      objectReference: {fileID: 0}
    - target: {fileID: 428538, guid: c71a869a5282b7e4193e61e6a3b88fef, type: 2}
      propertyPath: m_LocalPosition.z
      value: 0
      objectReference: {fileID: 0}
    - target: {fileID: 428538, guid: c71a869a5282b7e4193e61e6a3b88fef, type: 2}
      propertyPath: m_LocalRotation.x
      value: 0
      objectReference: {fileID: 0}
    - target: {fileID: 428538, guid: c71a869a5282b7e4193e61e6a3b88fef, type: 2}
      propertyPath: m_LocalRotation.y
      value: 0
      objectReference: {fileID: 0}
    - target: {fileID: 428538, guid: c71a869a5282b7e4193e61e6a3b88fef, type: 2}
      propertyPath: m_LocalRotation.z
      value: 0
      objectReference: {fileID: 0}
    - target: {fileID: 428538, guid: c71a869a5282b7e4193e61e6a3b88fef, type: 2}
      propertyPath: m_LocalRotation.w
      value: 1
      objectReference: {fileID: 0}
    - target: {fileID: 428538, guid: c71a869a5282b7e4193e61e6a3b88fef, type: 2}
      propertyPath: m_RootOrder
      value: 25
      objectReference: {fileID: 0}
    - target: {fileID: 153224, guid: c71a869a5282b7e4193e61e6a3b88fef, type: 2}
      propertyPath: m_Name
      value: Triggered Moving Platform (5)
      objectReference: {fileID: 0}
    - target: {fileID: 11448236, guid: c71a869a5282b7e4193e61e6a3b88fef, type: 2}
      propertyPath: Trigger
      value: 
      objectReference: {fileID: 1615965831}
    - target: {fileID: 187016, guid: c71a869a5282b7e4193e61e6a3b88fef, type: 2}
      propertyPath: m_IsActive
      value: 0
      objectReference: {fileID: 0}
    - target: {fileID: 444128, guid: c71a869a5282b7e4193e61e6a3b88fef, type: 2}
      propertyPath: m_LocalPosition.x
      value: 0
      objectReference: {fileID: 0}
    m_RemovedComponents: []
  m_ParentPrefab: {fileID: 100100000, guid: c71a869a5282b7e4193e61e6a3b88fef, type: 2}
  m_IsPrefabParent: 0
--- !u!1001 &544030518
Prefab:
  m_ObjectHideFlags: 0
  serializedVersion: 2
  m_Modification:
    m_TransformParent: {fileID: 250678791}
    m_Modifications:
    - target: {fileID: 460588, guid: b3862bae3bf422c49886ddd0a16d5fe4, type: 2}
      propertyPath: m_LocalPosition.x
      value: 2
      objectReference: {fileID: 0}
    - target: {fileID: 460588, guid: b3862bae3bf422c49886ddd0a16d5fe4, type: 2}
      propertyPath: m_LocalPosition.y
      value: 2
      objectReference: {fileID: 0}
    - target: {fileID: 460588, guid: b3862bae3bf422c49886ddd0a16d5fe4, type: 2}
      propertyPath: m_LocalPosition.z
      value: 250
      objectReference: {fileID: 0}
    - target: {fileID: 460588, guid: b3862bae3bf422c49886ddd0a16d5fe4, type: 2}
      propertyPath: m_LocalRotation.x
      value: 0
      objectReference: {fileID: 0}
    - target: {fileID: 460588, guid: b3862bae3bf422c49886ddd0a16d5fe4, type: 2}
      propertyPath: m_LocalRotation.y
      value: 0
      objectReference: {fileID: 0}
    - target: {fileID: 460588, guid: b3862bae3bf422c49886ddd0a16d5fe4, type: 2}
      propertyPath: m_LocalRotation.z
      value: 0
      objectReference: {fileID: 0}
    - target: {fileID: 460588, guid: b3862bae3bf422c49886ddd0a16d5fe4, type: 2}
      propertyPath: m_LocalRotation.w
      value: 1
      objectReference: {fileID: 0}
    - target: {fileID: 460588, guid: b3862bae3bf422c49886ddd0a16d5fe4, type: 2}
      propertyPath: m_RootOrder
      value: 0
      objectReference: {fileID: 0}
    - target: {fileID: 460588, guid: b3862bae3bf422c49886ddd0a16d5fe4, type: 2}
      propertyPath: m_LocalScale.x
      value: 5
      objectReference: {fileID: 0}
    - target: {fileID: 118994, guid: b3862bae3bf422c49886ddd0a16d5fe4, type: 2}
      propertyPath: m_Name
      value: Floor Tile 7 (3)
      objectReference: {fileID: 0}
    - target: {fileID: 118994, guid: b3862bae3bf422c49886ddd0a16d5fe4, type: 2}
      propertyPath: m_Layer
      value: 10
      objectReference: {fileID: 0}
    m_RemovedComponents: []
  m_ParentPrefab: {fileID: 100100000, guid: b3862bae3bf422c49886ddd0a16d5fe4, type: 2}
  m_IsPrefabParent: 0
--- !u!1001 &547029267
Prefab:
  m_ObjectHideFlags: 0
  serializedVersion: 2
  m_Modification:
    m_TransformParent: {fileID: 250678791}
    m_Modifications:
    - target: {fileID: 460588, guid: b3862bae3bf422c49886ddd0a16d5fe4, type: 2}
      propertyPath: m_LocalPosition.x
      value: 22
      objectReference: {fileID: 0}
    - target: {fileID: 460588, guid: b3862bae3bf422c49886ddd0a16d5fe4, type: 2}
      propertyPath: m_LocalPosition.y
      value: 4.75
      objectReference: {fileID: 0}
    - target: {fileID: 460588, guid: b3862bae3bf422c49886ddd0a16d5fe4, type: 2}
      propertyPath: m_LocalPosition.z
      value: 250
      objectReference: {fileID: 0}
    - target: {fileID: 460588, guid: b3862bae3bf422c49886ddd0a16d5fe4, type: 2}
      propertyPath: m_LocalRotation.x
      value: -0
      objectReference: {fileID: 0}
    - target: {fileID: 460588, guid: b3862bae3bf422c49886ddd0a16d5fe4, type: 2}
      propertyPath: m_LocalRotation.y
      value: -0
      objectReference: {fileID: 0}
    - target: {fileID: 460588, guid: b3862bae3bf422c49886ddd0a16d5fe4, type: 2}
      propertyPath: m_LocalRotation.z
      value: -0
      objectReference: {fileID: 0}
    - target: {fileID: 460588, guid: b3862bae3bf422c49886ddd0a16d5fe4, type: 2}
      propertyPath: m_LocalRotation.w
      value: 1
      objectReference: {fileID: 0}
    - target: {fileID: 460588, guid: b3862bae3bf422c49886ddd0a16d5fe4, type: 2}
      propertyPath: m_RootOrder
      value: 13
      objectReference: {fileID: 0}
    - target: {fileID: 460588, guid: b3862bae3bf422c49886ddd0a16d5fe4, type: 2}
      propertyPath: m_LocalScale.x
      value: 1
      objectReference: {fileID: 0}
    - target: {fileID: 118994, guid: b3862bae3bf422c49886ddd0a16d5fe4, type: 2}
      propertyPath: m_Name
      value: Floor Tile 7 (15)
      objectReference: {fileID: 0}
    - target: {fileID: 118994, guid: b3862bae3bf422c49886ddd0a16d5fe4, type: 2}
      propertyPath: m_Layer
      value: 10
      objectReference: {fileID: 0}
    - target: {fileID: 460588, guid: b3862bae3bf422c49886ddd0a16d5fe4, type: 2}
      propertyPath: m_LocalScale.y
      value: 4.5
      objectReference: {fileID: 0}
    m_RemovedComponents: []
  m_ParentPrefab: {fileID: 100100000, guid: b3862bae3bf422c49886ddd0a16d5fe4, type: 2}
  m_IsPrefabParent: 0
--- !u!1001 &592928362
Prefab:
  m_ObjectHideFlags: 0
  serializedVersion: 2
  m_Modification:
    m_TransformParent: {fileID: 0}
    m_Modifications:
    - target: {fileID: 446766, guid: fc59589a622940c4e9289dc6260f116a, type: 2}
      propertyPath: m_LocalPosition.x
      value: 19.7
      objectReference: {fileID: 0}
    - target: {fileID: 446766, guid: fc59589a622940c4e9289dc6260f116a, type: 2}
      propertyPath: m_LocalPosition.y
      value: 7.91
      objectReference: {fileID: 0}
    - target: {fileID: 446766, guid: fc59589a622940c4e9289dc6260f116a, type: 2}
      propertyPath: m_LocalPosition.z
      value: 0
      objectReference: {fileID: 0}
    - target: {fileID: 446766, guid: fc59589a622940c4e9289dc6260f116a, type: 2}
      propertyPath: m_LocalRotation.x
      value: 0
      objectReference: {fileID: 0}
    - target: {fileID: 446766, guid: fc59589a622940c4e9289dc6260f116a, type: 2}
      propertyPath: m_LocalRotation.y
      value: 0
      objectReference: {fileID: 0}
    - target: {fileID: 446766, guid: fc59589a622940c4e9289dc6260f116a, type: 2}
      propertyPath: m_LocalRotation.z
      value: 0
      objectReference: {fileID: 0}
    - target: {fileID: 446766, guid: fc59589a622940c4e9289dc6260f116a, type: 2}
      propertyPath: m_LocalRotation.w
      value: 1
      objectReference: {fileID: 0}
    - target: {fileID: 446766, guid: fc59589a622940c4e9289dc6260f116a, type: 2}
      propertyPath: m_RootOrder
      value: 26
      objectReference: {fileID: 0}
    - target: {fileID: 141064, guid: fc59589a622940c4e9289dc6260f116a, type: 2}
      propertyPath: m_Name
      value: Switch (4)
      objectReference: {fileID: 0}
    - target: {fileID: 11455992, guid: fc59589a622940c4e9289dc6260f116a, type: 2}
      propertyPath: sticks
      value: 0
      objectReference: {fileID: 0}
    - target: {fileID: 141064, guid: fc59589a622940c4e9289dc6260f116a, type: 2}
      propertyPath: m_IsActive
      value: 1
      objectReference: {fileID: 0}
    m_RemovedComponents: []
  m_ParentPrefab: {fileID: 100100000, guid: fc59589a622940c4e9289dc6260f116a, type: 2}
  m_IsPrefabParent: 0
--- !u!1001 &613231961
Prefab:
  m_ObjectHideFlags: 0
  serializedVersion: 2
  m_Modification:
    m_TransformParent: {fileID: 250678791}
    m_Modifications:
    - target: {fileID: 460588, guid: b3862bae3bf422c49886ddd0a16d5fe4, type: 2}
      propertyPath: m_LocalPosition.x
      value: 7.5
      objectReference: {fileID: 0}
    - target: {fileID: 460588, guid: b3862bae3bf422c49886ddd0a16d5fe4, type: 2}
      propertyPath: m_LocalPosition.y
      value: 8.5
      objectReference: {fileID: 0}
    - target: {fileID: 460588, guid: b3862bae3bf422c49886ddd0a16d5fe4, type: 2}
      propertyPath: m_LocalPosition.z
      value: 250
      objectReference: {fileID: 0}
    - target: {fileID: 460588, guid: b3862bae3bf422c49886ddd0a16d5fe4, type: 2}
      propertyPath: m_LocalRotation.x
      value: -0
      objectReference: {fileID: 0}
    - target: {fileID: 460588, guid: b3862bae3bf422c49886ddd0a16d5fe4, type: 2}
      propertyPath: m_LocalRotation.y
      value: -0
      objectReference: {fileID: 0}
    - target: {fileID: 460588, guid: b3862bae3bf422c49886ddd0a16d5fe4, type: 2}
      propertyPath: m_LocalRotation.z
      value: -0
      objectReference: {fileID: 0}
    - target: {fileID: 460588, guid: b3862bae3bf422c49886ddd0a16d5fe4, type: 2}
      propertyPath: m_LocalRotation.w
      value: 1
      objectReference: {fileID: 0}
    - target: {fileID: 460588, guid: b3862bae3bf422c49886ddd0a16d5fe4, type: 2}
      propertyPath: m_RootOrder
      value: 10
      objectReference: {fileID: 0}
    - target: {fileID: 460588, guid: b3862bae3bf422c49886ddd0a16d5fe4, type: 2}
      propertyPath: m_LocalScale.x
      value: 2
      objectReference: {fileID: 0}
    - target: {fileID: 118994, guid: b3862bae3bf422c49886ddd0a16d5fe4, type: 2}
      propertyPath: m_Name
      value: Floor Tile 7 (12)
      objectReference: {fileID: 0}
    - target: {fileID: 118994, guid: b3862bae3bf422c49886ddd0a16d5fe4, type: 2}
      propertyPath: m_Layer
      value: 10
      objectReference: {fileID: 0}
    - target: {fileID: 460588, guid: b3862bae3bf422c49886ddd0a16d5fe4, type: 2}
      propertyPath: m_LocalScale.y
      value: 1
      objectReference: {fileID: 0}
    m_RemovedComponents: []
  m_ParentPrefab: {fileID: 100100000, guid: b3862bae3bf422c49886ddd0a16d5fe4, type: 2}
  m_IsPrefabParent: 0
--- !u!4 &613231962 stripped
Transform:
  m_PrefabParentObject: {fileID: 460588, guid: b3862bae3bf422c49886ddd0a16d5fe4, type: 2}
  m_PrefabInternal: {fileID: 613231961}
--- !u!1 &645754757
GameObject:
  m_ObjectHideFlags: 0
  m_PrefabParentObject: {fileID: 0}
  m_PrefabInternal: {fileID: 0}
  serializedVersion: 5
  m_Component:
  - component: {fileID: 645754759}
  - component: {fileID: 645754758}
  m_Layer: 0
  m_Name: Spawn
  m_TagString: Spawn
  m_Icon: {fileID: 0}
  m_NavMeshLayer: 0
  m_StaticEditorFlags: 0
  m_IsActive: 1
--- !u!114 &645754758
MonoBehaviour:
  m_ObjectHideFlags: 0
  m_PrefabParentObject: {fileID: 0}
  m_PrefabInternal: {fileID: 0}
  m_GameObject: {fileID: 645754757}
  m_Enabled: 1
  m_EditorHideFlags: 0
  m_Script: {fileID: 11500000, guid: 5fccbb9975c03fa4ca171632d84cfe56, type: 3}
  m_Name: 
  m_EditorClassIdentifier: 
  Player: {fileID: 0}
--- !u!4 &645754759
Transform:
  m_ObjectHideFlags: 0
  m_PrefabParentObject: {fileID: 0}
  m_PrefabInternal: {fileID: 0}
  m_GameObject: {fileID: 645754757}
  m_LocalRotation: {x: 0, y: 0, z: 0, w: 1}
  m_LocalPosition: {x: 0, y: 6, z: 0}
  m_LocalScale: {x: 1, y: 1, z: 1}
  m_Children: []
  m_Father: {fileID: 1532632730}
  m_RootOrder: 0
  m_LocalEulerAnglesHint: {x: 0, y: 0, z: 0}
--- !u!1001 &732552059
Prefab:
  m_ObjectHideFlags: 0
  serializedVersion: 2
  m_Modification:
    m_TransformParent: {fileID: 250678791}
    m_Modifications:
    - target: {fileID: 460588, guid: b3862bae3bf422c49886ddd0a16d5fe4, type: 2}
      propertyPath: m_LocalPosition.x
      value: 11
      objectReference: {fileID: 0}
    - target: {fileID: 460588, guid: b3862bae3bf422c49886ddd0a16d5fe4, type: 2}
      propertyPath: m_LocalPosition.y
      value: 2
      objectReference: {fileID: 0}
    - target: {fileID: 460588, guid: b3862bae3bf422c49886ddd0a16d5fe4, type: 2}
      propertyPath: m_LocalPosition.z
      value: 250
      objectReference: {fileID: 0}
    - target: {fileID: 460588, guid: b3862bae3bf422c49886ddd0a16d5fe4, type: 2}
      propertyPath: m_LocalRotation.x
      value: -0
      objectReference: {fileID: 0}
    - target: {fileID: 460588, guid: b3862bae3bf422c49886ddd0a16d5fe4, type: 2}
      propertyPath: m_LocalRotation.y
      value: -0
      objectReference: {fileID: 0}
    - target: {fileID: 460588, guid: b3862bae3bf422c49886ddd0a16d5fe4, type: 2}
      propertyPath: m_LocalRotation.z
      value: -0
      objectReference: {fileID: 0}
    - target: {fileID: 460588, guid: b3862bae3bf422c49886ddd0a16d5fe4, type: 2}
      propertyPath: m_LocalRotation.w
      value: 1
      objectReference: {fileID: 0}
    - target: {fileID: 460588, guid: b3862bae3bf422c49886ddd0a16d5fe4, type: 2}
      propertyPath: m_RootOrder
      value: 2
      objectReference: {fileID: 0}
    - target: {fileID: 460588, guid: b3862bae3bf422c49886ddd0a16d5fe4, type: 2}
      propertyPath: m_LocalScale.x
      value: 3
      objectReference: {fileID: 0}
    - target: {fileID: 118994, guid: b3862bae3bf422c49886ddd0a16d5fe4, type: 2}
      propertyPath: m_Name
      value: Floor Tile 7 (5)
      objectReference: {fileID: 0}
    - target: {fileID: 118994, guid: b3862bae3bf422c49886ddd0a16d5fe4, type: 2}
      propertyPath: m_Layer
      value: 10
      objectReference: {fileID: 0}
    m_RemovedComponents: []
  m_ParentPrefab: {fileID: 100100000, guid: b3862bae3bf422c49886ddd0a16d5fe4, type: 2}
  m_IsPrefabParent: 0
--- !u!4 &732552060 stripped
Transform:
  m_PrefabParentObject: {fileID: 460588, guid: b3862bae3bf422c49886ddd0a16d5fe4, type: 2}
  m_PrefabInternal: {fileID: 732552059}
--- !u!1001 &775331163
Prefab:
  m_ObjectHideFlags: 0
  serializedVersion: 2
  m_Modification:
    m_TransformParent: {fileID: 0}
    m_Modifications:
    - target: {fileID: 488292, guid: c54ea89a8a9776348bdcdd8bc62d5622, type: 2}
      propertyPath: m_LocalPosition.x
      value: 0
      objectReference: {fileID: 0}
    - target: {fileID: 488292, guid: c54ea89a8a9776348bdcdd8bc62d5622, type: 2}
      propertyPath: m_LocalPosition.y
      value: 0
      objectReference: {fileID: 0}
    - target: {fileID: 488292, guid: c54ea89a8a9776348bdcdd8bc62d5622, type: 2}
      propertyPath: m_LocalPosition.z
      value: 0
      objectReference: {fileID: 0}
    - target: {fileID: 488292, guid: c54ea89a8a9776348bdcdd8bc62d5622, type: 2}
      propertyPath: m_LocalRotation.x
      value: 0
      objectReference: {fileID: 0}
    - target: {fileID: 488292, guid: c54ea89a8a9776348bdcdd8bc62d5622, type: 2}
      propertyPath: m_LocalRotation.y
      value: 0
      objectReference: {fileID: 0}
    - target: {fileID: 488292, guid: c54ea89a8a9776348bdcdd8bc62d5622, type: 2}
      propertyPath: m_LocalRotation.z
      value: 0
      objectReference: {fileID: 0}
    - target: {fileID: 488292, guid: c54ea89a8a9776348bdcdd8bc62d5622, type: 2}
      propertyPath: m_LocalRotation.w
      value: 1
      objectReference: {fileID: 0}
    - target: {fileID: 488292, guid: c54ea89a8a9776348bdcdd8bc62d5622, type: 2}
      propertyPath: m_RootOrder
      value: 19
      objectReference: {fileID: 0}
    - target: {fileID: 157618, guid: c54ea89a8a9776348bdcdd8bc62d5622, type: 2}
      propertyPath: m_IsActive
      value: 1
      objectReference: {fileID: 0}
    m_RemovedComponents: []
  m_ParentPrefab: {fileID: 100100000, guid: c54ea89a8a9776348bdcdd8bc62d5622, type: 2}
  m_IsPrefabParent: 0
--- !u!1001 &789282899
Prefab:
  m_ObjectHideFlags: 0
  serializedVersion: 2
  m_Modification:
    m_TransformParent: {fileID: 250678791}
    m_Modifications:
    - target: {fileID: 460588, guid: b3862bae3bf422c49886ddd0a16d5fe4, type: 2}
      propertyPath: m_LocalPosition.x
      value: 7
      objectReference: {fileID: 0}
    - target: {fileID: 460588, guid: b3862bae3bf422c49886ddd0a16d5fe4, type: 2}
      propertyPath: m_LocalPosition.y
      value: 2
      objectReference: {fileID: 0}
    - target: {fileID: 460588, guid: b3862bae3bf422c49886ddd0a16d5fe4, type: 2}
      propertyPath: m_LocalPosition.z
      value: 250
      objectReference: {fileID: 0}
    - target: {fileID: 460588, guid: b3862bae3bf422c49886ddd0a16d5fe4, type: 2}
      propertyPath: m_LocalRotation.x
      value: -0
      objectReference: {fileID: 0}
    - target: {fileID: 460588, guid: b3862bae3bf422c49886ddd0a16d5fe4, type: 2}
      propertyPath: m_LocalRotation.y
      value: -0
      objectReference: {fileID: 0}
    - target: {fileID: 460588, guid: b3862bae3bf422c49886ddd0a16d5fe4, type: 2}
      propertyPath: m_LocalRotation.z
      value: -0
      objectReference: {fileID: 0}
    - target: {fileID: 460588, guid: b3862bae3bf422c49886ddd0a16d5fe4, type: 2}
      propertyPath: m_LocalRotation.w
      value: 1
      objectReference: {fileID: 0}
    - target: {fileID: 460588, guid: b3862bae3bf422c49886ddd0a16d5fe4, type: 2}
      propertyPath: m_RootOrder
      value: 1
      objectReference: {fileID: 0}
    - target: {fileID: 460588, guid: b3862bae3bf422c49886ddd0a16d5fe4, type: 2}
      propertyPath: m_LocalScale.x
      value: 5
      objectReference: {fileID: 0}
    - target: {fileID: 118994, guid: b3862bae3bf422c49886ddd0a16d5fe4, type: 2}
      propertyPath: m_Name
      value: Floor Tile 7 (4)
      objectReference: {fileID: 0}
    - target: {fileID: 118994, guid: b3862bae3bf422c49886ddd0a16d5fe4, type: 2}
      propertyPath: m_Layer
      value: 10
      objectReference: {fileID: 0}
    m_RemovedComponents: []
  m_ParentPrefab: {fileID: 100100000, guid: b3862bae3bf422c49886ddd0a16d5fe4, type: 2}
  m_IsPrefabParent: 0
--- !u!4 &789282900 stripped
Transform:
  m_PrefabParentObject: {fileID: 460588, guid: b3862bae3bf422c49886ddd0a16d5fe4, type: 2}
  m_PrefabInternal: {fileID: 789282899}
--- !u!1001 &793577370
Prefab:
  m_ObjectHideFlags: 0
  serializedVersion: 2
  m_Modification:
    m_TransformParent: {fileID: 0}
    m_Modifications:
    - target: {fileID: 416320, guid: 5ac5149705e6afd4695abbc18ebd55f9, type: 2}
      propertyPath: m_LocalPosition.x
      value: 31.541718
      objectReference: {fileID: 0}
    - target: {fileID: 416320, guid: 5ac5149705e6afd4695abbc18ebd55f9, type: 2}
      propertyPath: m_LocalPosition.y
      value: 12.638411
      objectReference: {fileID: 0}
    - target: {fileID: 416320, guid: 5ac5149705e6afd4695abbc18ebd55f9, type: 2}
      propertyPath: m_LocalPosition.z
      value: 0
      objectReference: {fileID: 0}
    - target: {fileID: 416320, guid: 5ac5149705e6afd4695abbc18ebd55f9, type: 2}
      propertyPath: m_LocalRotation.x
      value: 0
      objectReference: {fileID: 0}
    - target: {fileID: 416320, guid: 5ac5149705e6afd4695abbc18ebd55f9, type: 2}
      propertyPath: m_LocalRotation.y
      value: 0
      objectReference: {fileID: 0}
    - target: {fileID: 416320, guid: 5ac5149705e6afd4695abbc18ebd55f9, type: 2}
      propertyPath: m_LocalRotation.z
      value: 0
      objectReference: {fileID: 0}
    - target: {fileID: 416320, guid: 5ac5149705e6afd4695abbc18ebd55f9, type: 2}
      propertyPath: m_LocalRotation.w
      value: 1
      objectReference: {fileID: 0}
    - target: {fileID: 416320, guid: 5ac5149705e6afd4695abbc18ebd55f9, type: 2}
      propertyPath: m_RootOrder
      value: 16
      objectReference: {fileID: 0}
    m_RemovedComponents: []
  m_ParentPrefab: {fileID: 100100000, guid: 5ac5149705e6afd4695abbc18ebd55f9, type: 2}
  m_IsPrefabParent: 0
--- !u!1 &802621824
GameObject:
  m_ObjectHideFlags: 0
  m_PrefabParentObject: {fileID: 0}
  m_PrefabInternal: {fileID: 0}
  serializedVersion: 5
  m_Component:
  - component: {fileID: 802621825}
  m_Layer: 0
  m_Name: Collectables
  m_TagString: Untagged
  m_Icon: {fileID: 0}
  m_NavMeshLayer: 0
  m_StaticEditorFlags: 0
  m_IsActive: 1
--- !u!4 &802621825
Transform:
  m_ObjectHideFlags: 0
  m_PrefabParentObject: {fileID: 0}
  m_PrefabInternal: {fileID: 0}
  m_GameObject: {fileID: 802621824}
  m_LocalRotation: {x: 0, y: 0, z: 0, w: 1}
  m_LocalPosition: {x: -13.13, y: 5, z: 0}
  m_LocalScale: {x: 1, y: 1, z: 1}
  m_Children: []
  m_Father: {fileID: 0}
  m_RootOrder: 9
  m_LocalEulerAnglesHint: {x: 0, y: 0, z: 0}
--- !u!1001 &821558549
Prefab:
  m_ObjectHideFlags: 0
  serializedVersion: 2
  m_Modification:
    m_TransformParent: {fileID: 0}
    m_Modifications:
    - target: {fileID: 479506, guid: a35f20a788353e44db487ef5c3c49c2d, type: 2}
      propertyPath: m_LocalPosition.x
      value: 28.9
      objectReference: {fileID: 0}
    - target: {fileID: 479506, guid: a35f20a788353e44db487ef5c3c49c2d, type: 2}
      propertyPath: m_LocalPosition.y
      value: 12.47
      objectReference: {fileID: 0}
    - target: {fileID: 479506, guid: a35f20a788353e44db487ef5c3c49c2d, type: 2}
      propertyPath: m_LocalPosition.z
      value: 0
      objectReference: {fileID: 0}
    - target: {fileID: 479506, guid: a35f20a788353e44db487ef5c3c49c2d, type: 2}
      propertyPath: m_LocalRotation.x
      value: 0
      objectReference: {fileID: 0}
    - target: {fileID: 479506, guid: a35f20a788353e44db487ef5c3c49c2d, type: 2}
      propertyPath: m_LocalRotation.y
      value: 0
      objectReference: {fileID: 0}
    - target: {fileID: 479506, guid: a35f20a788353e44db487ef5c3c49c2d, type: 2}
      propertyPath: m_LocalRotation.z
      value: 0
      objectReference: {fileID: 0}
    - target: {fileID: 479506, guid: a35f20a788353e44db487ef5c3c49c2d, type: 2}
      propertyPath: m_LocalRotation.w
      value: 1
      objectReference: {fileID: 0}
    - target: {fileID: 479506, guid: a35f20a788353e44db487ef5c3c49c2d, type: 2}
      propertyPath: m_RootOrder
      value: 18
      objectReference: {fileID: 0}
    - target: {fileID: 170188, guid: a35f20a788353e44db487ef5c3c49c2d, type: 2}
      propertyPath: m_Name
      value: LevelGem (1)
      objectReference: {fileID: 0}
    m_RemovedComponents: []
  m_ParentPrefab: {fileID: 100100000, guid: a35f20a788353e44db487ef5c3c49c2d, type: 2}
  m_IsPrefabParent: 0
--- !u!4 &825293299 stripped
Transform:
  m_PrefabParentObject: {fileID: 460588, guid: b3862bae3bf422c49886ddd0a16d5fe4, type: 2}
  m_PrefabInternal: {fileID: 547029267}
--- !u!1001 &830669529
Prefab:
  m_ObjectHideFlags: 0
  serializedVersion: 2
  m_Modification:
    m_TransformParent: {fileID: 250678791}
    m_Modifications:
    - target: {fileID: 460588, guid: b3862bae3bf422c49886ddd0a16d5fe4, type: 2}
      propertyPath: m_LocalPosition.x
      value: 19
      objectReference: {fileID: 0}
    - target: {fileID: 460588, guid: b3862bae3bf422c49886ddd0a16d5fe4, type: 2}
      propertyPath: m_LocalPosition.y
      value: 0
      objectReference: {fileID: 0}
    - target: {fileID: 460588, guid: b3862bae3bf422c49886ddd0a16d5fe4, type: 2}
      propertyPath: m_LocalPosition.z
      value: 250
      objectReference: {fileID: 0}
    - target: {fileID: 460588, guid: b3862bae3bf422c49886ddd0a16d5fe4, type: 2}
      propertyPath: m_LocalRotation.x
      value: -0
      objectReference: {fileID: 0}
    - target: {fileID: 460588, guid: b3862bae3bf422c49886ddd0a16d5fe4, type: 2}
      propertyPath: m_LocalRotation.y
      value: -0
      objectReference: {fileID: 0}
    - target: {fileID: 460588, guid: b3862bae3bf422c49886ddd0a16d5fe4, type: 2}
      propertyPath: m_LocalRotation.z
      value: -0
      objectReference: {fileID: 0}
    - target: {fileID: 460588, guid: b3862bae3bf422c49886ddd0a16d5fe4, type: 2}
      propertyPath: m_LocalRotation.w
      value: 1
      objectReference: {fileID: 0}
    - target: {fileID: 460588, guid: b3862bae3bf422c49886ddd0a16d5fe4, type: 2}
      propertyPath: m_RootOrder
      value: 8
      objectReference: {fileID: 0}
    - target: {fileID: 460588, guid: b3862bae3bf422c49886ddd0a16d5fe4, type: 2}
      propertyPath: m_LocalScale.x
      value: 1
      objectReference: {fileID: 0}
    - target: {fileID: 118994, guid: b3862bae3bf422c49886ddd0a16d5fe4, type: 2}
      propertyPath: m_Name
      value: Floor Tile 7 (10)
      objectReference: {fileID: 0}
    - target: {fileID: 118994, guid: b3862bae3bf422c49886ddd0a16d5fe4, type: 2}
      propertyPath: m_Layer
      value: 10
      objectReference: {fileID: 0}
    - target: {fileID: 460588, guid: b3862bae3bf422c49886ddd0a16d5fe4, type: 2}
      propertyPath: m_LocalScale.y
      value: 3
      objectReference: {fileID: 0}
    m_RemovedComponents: []
  m_ParentPrefab: {fileID: 100100000, guid: b3862bae3bf422c49886ddd0a16d5fe4, type: 2}
  m_IsPrefabParent: 0
--- !u!4 &830669530 stripped
Transform:
  m_PrefabParentObject: {fileID: 460588, guid: b3862bae3bf422c49886ddd0a16d5fe4, type: 2}
  m_PrefabInternal: {fileID: 830669529}
--- !u!1001 &1051152421
Prefab:
  m_ObjectHideFlags: 0
  serializedVersion: 2
  m_Modification:
    m_TransformParent: {fileID: 250678791}
    m_Modifications:
    - target: {fileID: 460588, guid: b3862bae3bf422c49886ddd0a16d5fe4, type: 2}
      propertyPath: m_LocalPosition.x
      value: 10.5
      objectReference: {fileID: 0}
    - target: {fileID: 460588, guid: b3862bae3bf422c49886ddd0a16d5fe4, type: 2}
      propertyPath: m_LocalPosition.y
      value: 8
      objectReference: {fileID: 0}
    - target: {fileID: 460588, guid: b3862bae3bf422c49886ddd0a16d5fe4, type: 2}
      propertyPath: m_LocalPosition.z
      value: 250
      objectReference: {fileID: 0}
    - target: {fileID: 460588, guid: b3862bae3bf422c49886ddd0a16d5fe4, type: 2}
      propertyPath: m_LocalRotation.x
      value: -0
      objectReference: {fileID: 0}
    - target: {fileID: 460588, guid: b3862bae3bf422c49886ddd0a16d5fe4, type: 2}
      propertyPath: m_LocalRotation.y
      value: -0
      objectReference: {fileID: 0}
    - target: {fileID: 460588, guid: b3862bae3bf422c49886ddd0a16d5fe4, type: 2}
      propertyPath: m_LocalRotation.z
      value: -0
      objectReference: {fileID: 0}
    - target: {fileID: 460588, guid: b3862bae3bf422c49886ddd0a16d5fe4, type: 2}
      propertyPath: m_LocalRotation.w
      value: 1
      objectReference: {fileID: 0}
    - target: {fileID: 460588, guid: b3862bae3bf422c49886ddd0a16d5fe4, type: 2}
      propertyPath: m_RootOrder
      value: 5
      objectReference: {fileID: 0}
    - target: {fileID: 460588, guid: b3862bae3bf422c49886ddd0a16d5fe4, type: 2}
      propertyPath: m_LocalScale.x
      value: 4
      objectReference: {fileID: 0}
    - target: {fileID: 118994, guid: b3862bae3bf422c49886ddd0a16d5fe4, type: 2}
      propertyPath: m_Name
      value: Floor Tile 7 (1)
      objectReference: {fileID: 0}
    - target: {fileID: 118994, guid: b3862bae3bf422c49886ddd0a16d5fe4, type: 2}
      propertyPath: m_Layer
      value: 10
      objectReference: {fileID: 0}
    - target: {fileID: 460588, guid: b3862bae3bf422c49886ddd0a16d5fe4, type: 2}
      propertyPath: m_LocalScale.y
      value: 2
      objectReference: {fileID: 0}
    m_RemovedComponents: []
  m_ParentPrefab: {fileID: 100100000, guid: b3862bae3bf422c49886ddd0a16d5fe4, type: 2}
  m_IsPrefabParent: 0
--- !u!4 &1051152422 stripped
Transform:
  m_PrefabParentObject: {fileID: 460588, guid: b3862bae3bf422c49886ddd0a16d5fe4, type: 2}
  m_PrefabInternal: {fileID: 1051152421}
--- !u!1001 &1165681048
Prefab:
  m_ObjectHideFlags: 0
  serializedVersion: 2
  m_Modification:
    m_TransformParent: {fileID: 0}
    m_Modifications:
    - target: {fileID: 22495344, guid: cd333cabb8ecad14e88588b1ae2293d8, type: 2}
      propertyPath: m_LocalPosition.x
      value: 0
      objectReference: {fileID: 0}
    - target: {fileID: 22495344, guid: cd333cabb8ecad14e88588b1ae2293d8, type: 2}
      propertyPath: m_LocalPosition.y
      value: 0
      objectReference: {fileID: 0}
    - target: {fileID: 22495344, guid: cd333cabb8ecad14e88588b1ae2293d8, type: 2}
      propertyPath: m_LocalPosition.z
      value: 0
      objectReference: {fileID: 0}
    - target: {fileID: 22495344, guid: cd333cabb8ecad14e88588b1ae2293d8, type: 2}
      propertyPath: m_LocalRotation.x
      value: 0
      objectReference: {fileID: 0}
    - target: {fileID: 22495344, guid: cd333cabb8ecad14e88588b1ae2293d8, type: 2}
      propertyPath: m_LocalRotation.y
      value: 0
      objectReference: {fileID: 0}
    - target: {fileID: 22495344, guid: cd333cabb8ecad14e88588b1ae2293d8, type: 2}
      propertyPath: m_LocalRotation.z
      value: 0
      objectReference: {fileID: 0}
    - target: {fileID: 22495344, guid: cd333cabb8ecad14e88588b1ae2293d8, type: 2}
      propertyPath: m_LocalRotation.w
      value: 1
      objectReference: {fileID: 0}
    - target: {fileID: 22495344, guid: cd333cabb8ecad14e88588b1ae2293d8, type: 2}
      propertyPath: m_RootOrder
      value: 12
      objectReference: {fileID: 0}
    - target: {fileID: 22495344, guid: cd333cabb8ecad14e88588b1ae2293d8, type: 2}
      propertyPath: m_AnchoredPosition.x
      value: 0
      objectReference: {fileID: 0}
    - target: {fileID: 22495344, guid: cd333cabb8ecad14e88588b1ae2293d8, type: 2}
      propertyPath: m_AnchoredPosition.y
      value: 0
      objectReference: {fileID: 0}
    - target: {fileID: 22495344, guid: cd333cabb8ecad14e88588b1ae2293d8, type: 2}
      propertyPath: m_SizeDelta.x
      value: 0
      objectReference: {fileID: 0}
    - target: {fileID: 22495344, guid: cd333cabb8ecad14e88588b1ae2293d8, type: 2}
      propertyPath: m_SizeDelta.y
      value: 0
      objectReference: {fileID: 0}
    - target: {fileID: 22495344, guid: cd333cabb8ecad14e88588b1ae2293d8, type: 2}
      propertyPath: m_AnchorMin.x
      value: 0
      objectReference: {fileID: 0}
    - target: {fileID: 22495344, guid: cd333cabb8ecad14e88588b1ae2293d8, type: 2}
      propertyPath: m_AnchorMin.y
      value: 0
      objectReference: {fileID: 0}
    - target: {fileID: 22495344, guid: cd333cabb8ecad14e88588b1ae2293d8, type: 2}
      propertyPath: m_AnchorMax.x
      value: 0
      objectReference: {fileID: 0}
    - target: {fileID: 22495344, guid: cd333cabb8ecad14e88588b1ae2293d8, type: 2}
      propertyPath: m_AnchorMax.y
      value: 0
      objectReference: {fileID: 0}
    - target: {fileID: 22495344, guid: cd333cabb8ecad14e88588b1ae2293d8, type: 2}
      propertyPath: m_Pivot.x
      value: 0
      objectReference: {fileID: 0}
    - target: {fileID: 22495344, guid: cd333cabb8ecad14e88588b1ae2293d8, type: 2}
      propertyPath: m_Pivot.y
      value: 0
      objectReference: {fileID: 0}
    - target: {fileID: 148702, guid: cd333cabb8ecad14e88588b1ae2293d8, type: 2}
      propertyPath: m_Name
      value: Canvas
      objectReference: {fileID: 0}
    m_RemovedComponents: []
  m_ParentPrefab: {fileID: 100100000, guid: cd333cabb8ecad14e88588b1ae2293d8, type: 2}
  m_IsPrefabParent: 0
--- !u!1001 &1172455112
Prefab:
  m_ObjectHideFlags: 0
  serializedVersion: 2
  m_Modification:
    m_TransformParent: {fileID: 0}
    m_Modifications:
    - target: {fileID: 4000012863850878, guid: a6682fdf5efe797428216f343dd31ede, type: 2}
      propertyPath: m_LocalPosition.x
      value: 0
      objectReference: {fileID: 0}
    - target: {fileID: 4000012863850878, guid: a6682fdf5efe797428216f343dd31ede, type: 2}
      propertyPath: m_LocalPosition.y
      value: 0
      objectReference: {fileID: 0}
    - target: {fileID: 4000012863850878, guid: a6682fdf5efe797428216f343dd31ede, type: 2}
      propertyPath: m_LocalPosition.z
      value: 0
      objectReference: {fileID: 0}
    - target: {fileID: 4000012863850878, guid: a6682fdf5efe797428216f343dd31ede, type: 2}
      propertyPath: m_LocalRotation.x
      value: 0
      objectReference: {fileID: 0}
    - target: {fileID: 4000012863850878, guid: a6682fdf5efe797428216f343dd31ede, type: 2}
      propertyPath: m_LocalRotation.y
      value: 0
      objectReference: {fileID: 0}
    - target: {fileID: 4000012863850878, guid: a6682fdf5efe797428216f343dd31ede, type: 2}
      propertyPath: m_LocalRotation.z
      value: 0
      objectReference: {fileID: 0}
    - target: {fileID: 4000012863850878, guid: a6682fdf5efe797428216f343dd31ede, type: 2}
      propertyPath: m_LocalRotation.w
      value: 1
      objectReference: {fileID: 0}
    - target: {fileID: 4000012863850878, guid: a6682fdf5efe797428216f343dd31ede, type: 2}
      propertyPath: m_RootOrder
      value: 22
      objectReference: {fileID: 0}
    m_RemovedComponents: []
  m_ParentPrefab: {fileID: 100100000, guid: a6682fdf5efe797428216f343dd31ede, type: 2}
  m_IsPrefabParent: 0
--- !u!1001 &1180750923
Prefab:
  m_ObjectHideFlags: 0
  serializedVersion: 2
  m_Modification:
    m_TransformParent: {fileID: 250678791}
    m_Modifications:
    - target: {fileID: 460588, guid: b3862bae3bf422c49886ddd0a16d5fe4, type: 2}
      propertyPath: m_LocalPosition.x
      value: 16
      objectReference: {fileID: 0}
    - target: {fileID: 460588, guid: b3862bae3bf422c49886ddd0a16d5fe4, type: 2}
      propertyPath: m_LocalPosition.y
      value: 0
      objectReference: {fileID: 0}
    - target: {fileID: 460588, guid: b3862bae3bf422c49886ddd0a16d5fe4, type: 2}
      propertyPath: m_LocalPosition.z
      value: 250
      objectReference: {fileID: 0}
    - target: {fileID: 460588, guid: b3862bae3bf422c49886ddd0a16d5fe4, type: 2}
      propertyPath: m_LocalRotation.x
      value: -0
      objectReference: {fileID: 0}
    - target: {fileID: 460588, guid: b3862bae3bf422c49886ddd0a16d5fe4, type: 2}
      propertyPath: m_LocalRotation.y
      value: -0
      objectReference: {fileID: 0}
    - target: {fileID: 460588, guid: b3862bae3bf422c49886ddd0a16d5fe4, type: 2}
      propertyPath: m_LocalRotation.z
      value: -0
      objectReference: {fileID: 0}
    - target: {fileID: 460588, guid: b3862bae3bf422c49886ddd0a16d5fe4, type: 2}
      propertyPath: m_LocalRotation.w
      value: 1
      objectReference: {fileID: 0}
    - target: {fileID: 460588, guid: b3862bae3bf422c49886ddd0a16d5fe4, type: 2}
      propertyPath: m_RootOrder
      value: 7
      objectReference: {fileID: 0}
    - target: {fileID: 460588, guid: b3862bae3bf422c49886ddd0a16d5fe4, type: 2}
      propertyPath: m_LocalScale.x
      value: 1
      objectReference: {fileID: 0}
    - target: {fileID: 118994, guid: b3862bae3bf422c49886ddd0a16d5fe4, type: 2}
      propertyPath: m_Name
      value: Floor Tile 7 (9)
      objectReference: {fileID: 0}
    - target: {fileID: 118994, guid: b3862bae3bf422c49886ddd0a16d5fe4, type: 2}
      propertyPath: m_Layer
      value: 10
      objectReference: {fileID: 0}
    - target: {fileID: 460588, guid: b3862bae3bf422c49886ddd0a16d5fe4, type: 2}
      propertyPath: m_LocalScale.y
      value: 3
      objectReference: {fileID: 0}
    m_RemovedComponents: []
  m_ParentPrefab: {fileID: 100100000, guid: b3862bae3bf422c49886ddd0a16d5fe4, type: 2}
  m_IsPrefabParent: 0
--- !u!4 &1180750924 stripped
Transform:
  m_PrefabParentObject: {fileID: 460588, guid: b3862bae3bf422c49886ddd0a16d5fe4, type: 2}
  m_PrefabInternal: {fileID: 1180750923}
--- !u!1001 &1278698614
Prefab:
  m_ObjectHideFlags: 0
  serializedVersion: 2
  m_Modification:
    m_TransformParent: {fileID: 0}
    m_Modifications:
    - target: {fileID: 4609498130537898, guid: 58912768bd89e1b49bcae7ae500b4a6a, type: 2}
      propertyPath: m_LocalPosition.x
      value: 17.5
      objectReference: {fileID: 0}
    - target: {fileID: 4609498130537898, guid: 58912768bd89e1b49bcae7ae500b4a6a, type: 2}
      propertyPath: m_LocalPosition.y
      value: 5.5
      objectReference: {fileID: 0}
    - target: {fileID: 4609498130537898, guid: 58912768bd89e1b49bcae7ae500b4a6a, type: 2}
      propertyPath: m_LocalPosition.z
      value: 0
      objectReference: {fileID: 0}
    - target: {fileID: 4609498130537898, guid: 58912768bd89e1b49bcae7ae500b4a6a, type: 2}
      propertyPath: m_LocalRotation.x
      value: 0
      objectReference: {fileID: 0}
    - target: {fileID: 4609498130537898, guid: 58912768bd89e1b49bcae7ae500b4a6a, type: 2}
      propertyPath: m_LocalRotation.y
      value: 0
      objectReference: {fileID: 0}
    - target: {fileID: 4609498130537898, guid: 58912768bd89e1b49bcae7ae500b4a6a, type: 2}
      propertyPath: m_LocalRotation.z
      value: 0
      objectReference: {fileID: 0}
    - target: {fileID: 4609498130537898, guid: 58912768bd89e1b49bcae7ae500b4a6a, type: 2}
      propertyPath: m_LocalRotation.w
      value: 1
      objectReference: {fileID: 0}
    - target: {fileID: 4609498130537898, guid: 58912768bd89e1b49bcae7ae500b4a6a, type: 2}
      propertyPath: m_RootOrder
      value: 24
      objectReference: {fileID: 0}
    - target: {fileID: 114246094010589486, guid: 58912768bd89e1b49bcae7ae500b4a6a,
        type: 2}
      propertyPath: PairedPortal
      value: 
      objectReference: {fileID: 0}
    - target: {fileID: 4871559126926512, guid: 58912768bd89e1b49bcae7ae500b4a6a, type: 2}
      propertyPath: m_RootOrder
      value: 1
      objectReference: {fileID: 0}
    m_RemovedComponents: []
  m_ParentPrefab: {fileID: 100100000, guid: 58912768bd89e1b49bcae7ae500b4a6a, type: 2}
  m_IsPrefabParent: 0
--- !u!1001 &1315481243
Prefab:
  m_ObjectHideFlags: 0
  serializedVersion: 2
  m_Modification:
    m_TransformParent: {fileID: 0}
    m_Modifications:
    - target: {fileID: 446766, guid: fc59589a622940c4e9289dc6260f116a, type: 2}
      propertyPath: m_LocalPosition.x
      value: 11.7
      objectReference: {fileID: 0}
    - target: {fileID: 446766, guid: fc59589a622940c4e9289dc6260f116a, type: 2}
      propertyPath: m_LocalPosition.y
      value: 7.91
      objectReference: {fileID: 0}
    - target: {fileID: 446766, guid: fc59589a622940c4e9289dc6260f116a, type: 2}
      propertyPath: m_LocalPosition.z
      value: 0
      objectReference: {fileID: 0}
    - target: {fileID: 446766, guid: fc59589a622940c4e9289dc6260f116a, type: 2}
      propertyPath: m_LocalRotation.x
      value: 0
      objectReference: {fileID: 0}
    - target: {fileID: 446766, guid: fc59589a622940c4e9289dc6260f116a, type: 2}
      propertyPath: m_LocalRotation.y
      value: 0
      objectReference: {fileID: 0}
    - target: {fileID: 446766, guid: fc59589a622940c4e9289dc6260f116a, type: 2}
      propertyPath: m_LocalRotation.z
      value: 0
      objectReference: {fileID: 0}
    - target: {fileID: 446766, guid: fc59589a622940c4e9289dc6260f116a, type: 2}
      propertyPath: m_LocalRotation.w
      value: 1
      objectReference: {fileID: 0}
    - target: {fileID: 446766, guid: fc59589a622940c4e9289dc6260f116a, type: 2}
      propertyPath: m_RootOrder
      value: 24
      objectReference: {fileID: 0}
    - target: {fileID: 141064, guid: fc59589a622940c4e9289dc6260f116a, type: 2}
      propertyPath: m_Name
      value: Switch (3)
      objectReference: {fileID: 0}
    - target: {fileID: 11455992, guid: fc59589a622940c4e9289dc6260f116a, type: 2}
      propertyPath: sticks
      value: 0
      objectReference: {fileID: 0}
    - target: {fileID: 141064, guid: fc59589a622940c4e9289dc6260f116a, type: 2}
      propertyPath: m_IsActive
      value: 1
      objectReference: {fileID: 0}
    m_RemovedComponents: []
  m_ParentPrefab: {fileID: 100100000, guid: fc59589a622940c4e9289dc6260f116a, type: 2}
  m_IsPrefabParent: 0
--- !u!1 &1315481244 stripped
GameObject:
  m_PrefabParentObject: {fileID: 141064, guid: fc59589a622940c4e9289dc6260f116a, type: 2}
  m_PrefabInternal: {fileID: 1315481243}
--- !u!1001 &1316826240
Prefab:
  m_ObjectHideFlags: 0
  serializedVersion: 2
  m_Modification:
    m_TransformParent: {fileID: 0}
    m_Modifications:
    - target: {fileID: 479506, guid: a35f20a788353e44db487ef5c3c49c2d, type: 2}
      propertyPath: m_LocalPosition.x
      value: 18.5
      objectReference: {fileID: 0}
    - target: {fileID: 479506, guid: a35f20a788353e44db487ef5c3c49c2d, type: 2}
      propertyPath: m_LocalPosition.y
      value: 11
      objectReference: {fileID: 0}
    - target: {fileID: 479506, guid: a35f20a788353e44db487ef5c3c49c2d, type: 2}
      propertyPath: m_LocalPosition.z
      value: 0
      objectReference: {fileID: 0}
    - target: {fileID: 479506, guid: a35f20a788353e44db487ef5c3c49c2d, type: 2}
      propertyPath: m_LocalRotation.x
      value: 0
      objectReference: {fileID: 0}
    - target: {fileID: 479506, guid: a35f20a788353e44db487ef5c3c49c2d, type: 2}
      propertyPath: m_LocalRotation.y
      value: 0
      objectReference: {fileID: 0}
    - target: {fileID: 479506, guid: a35f20a788353e44db487ef5c3c49c2d, type: 2}
      propertyPath: m_LocalRotation.z
      value: 0
      objectReference: {fileID: 0}
    - target: {fileID: 479506, guid: a35f20a788353e44db487ef5c3c49c2d, type: 2}
      propertyPath: m_LocalRotation.w
      value: 1
      objectReference: {fileID: 0}
    - target: {fileID: 479506, guid: a35f20a788353e44db487ef5c3c49c2d, type: 2}
      propertyPath: m_RootOrder
      value: 20
      objectReference: {fileID: 0}
    - target: {fileID: 170188, guid: a35f20a788353e44db487ef5c3c49c2d, type: 2}
      propertyPath: m_Name
      value: LevelGem (2)
      objectReference: {fileID: 0}
    m_RemovedComponents: []
  m_ParentPrefab: {fileID: 100100000, guid: a35f20a788353e44db487ef5c3c49c2d, type: 2}
  m_IsPrefabParent: 0
--- !u!1 &1328201042
GameObject:
  m_ObjectHideFlags: 0
  m_PrefabParentObject: {fileID: 0}
  m_PrefabInternal: {fileID: 0}
  serializedVersion: 5
  m_Component:
  - component: {fileID: 1328201046}
  - component: {fileID: 1328201045}
  - component: {fileID: 1328201044}
  - component: {fileID: 1328201043}
  m_Layer: 0
  m_Name: EventSystem
  m_TagString: Untagged
  m_Icon: {fileID: 0}
  m_NavMeshLayer: 0
  m_StaticEditorFlags: 0
  m_IsActive: 1
--- !u!114 &1328201043
MonoBehaviour:
  m_ObjectHideFlags: 0
  m_PrefabParentObject: {fileID: 0}
  m_PrefabInternal: {fileID: 0}
  m_GameObject: {fileID: 1328201042}
  m_Enabled: 1
  m_EditorHideFlags: 0
  m_Script: {fileID: 1997211142, guid: f5f67c52d1564df4a8936ccd202a3bd8, type: 3}
  m_Name: 
  m_EditorClassIdentifier: 
  m_ForceModuleActive: 0
--- !u!114 &1328201044
MonoBehaviour:
  m_ObjectHideFlags: 0
  m_PrefabParentObject: {fileID: 0}
  m_PrefabInternal: {fileID: 0}
  m_GameObject: {fileID: 1328201042}
  m_Enabled: 1
  m_EditorHideFlags: 0
  m_Script: {fileID: 1077351063, guid: f5f67c52d1564df4a8936ccd202a3bd8, type: 3}
  m_Name: 
  m_EditorClassIdentifier: 
  m_HorizontalAxis: Horizontal
  m_VerticalAxis: Vertical
  m_SubmitButton: xbox button x
  m_CancelButton: Cancel
  m_InputActionsPerSecond: 10
  m_RepeatDelay: 0.5
  m_ForceModuleActive: 0
--- !u!114 &1328201045
MonoBehaviour:
  m_ObjectHideFlags: 0
  m_PrefabParentObject: {fileID: 0}
  m_PrefabInternal: {fileID: 0}
  m_GameObject: {fileID: 1328201042}
  m_Enabled: 1
  m_EditorHideFlags: 0
  m_Script: {fileID: -619905303, guid: f5f67c52d1564df4a8936ccd202a3bd8, type: 3}
  m_Name: 
  m_EditorClassIdentifier: 
  m_FirstSelected: {fileID: 0}
  m_sendNavigationEvents: 1
  m_DragThreshold: 5
--- !u!4 &1328201046
Transform:
  m_ObjectHideFlags: 0
  m_PrefabParentObject: {fileID: 0}
  m_PrefabInternal: {fileID: 0}
  m_GameObject: {fileID: 1328201042}
  m_LocalRotation: {x: 0, y: 0, z: 0, w: 1}
  m_LocalPosition: {x: 0, y: 0, z: 0}
  m_LocalScale: {x: 1, y: 1, z: 1}
  m_Children: []
  m_Father: {fileID: 0}
  m_RootOrder: 10
  m_LocalEulerAnglesHint: {x: 0, y: 0, z: 0}
--- !u!1001 &1330774308
Prefab:
  m_ObjectHideFlags: 0
  serializedVersion: 2
  m_Modification:
    m_TransformParent: {fileID: 0}
    m_Modifications:
    - target: {fileID: 4609498130537898, guid: 58912768bd89e1b49bcae7ae500b4a6a, type: 2}
      propertyPath: m_LocalPosition.x
      value: 7.5
      objectReference: {fileID: 0}
    - target: {fileID: 4609498130537898, guid: 58912768bd89e1b49bcae7ae500b4a6a, type: 2}
      propertyPath: m_LocalPosition.y
      value: 13
      objectReference: {fileID: 0}
    - target: {fileID: 4609498130537898, guid: 58912768bd89e1b49bcae7ae500b4a6a, type: 2}
      propertyPath: m_LocalPosition.z
      value: 0
      objectReference: {fileID: 0}
    - target: {fileID: 4609498130537898, guid: 58912768bd89e1b49bcae7ae500b4a6a, type: 2}
      propertyPath: m_LocalRotation.x
      value: 0
      objectReference: {fileID: 0}
    - target: {fileID: 4609498130537898, guid: 58912768bd89e1b49bcae7ae500b4a6a, type: 2}
      propertyPath: m_LocalRotation.y
      value: 0
      objectReference: {fileID: 0}
    - target: {fileID: 4609498130537898, guid: 58912768bd89e1b49bcae7ae500b4a6a, type: 2}
      propertyPath: m_LocalRotation.z
      value: 1
      objectReference: {fileID: 0}
    - target: {fileID: 4609498130537898, guid: 58912768bd89e1b49bcae7ae500b4a6a, type: 2}
      propertyPath: m_LocalRotation.w
      value: 0
      objectReference: {fileID: 0}
    - target: {fileID: 4609498130537898, guid: 58912768bd89e1b49bcae7ae500b4a6a, type: 2}
      propertyPath: m_RootOrder
      value: 25
      objectReference: {fileID: 0}
    - target: {fileID: 1277903544123822, guid: 58912768bd89e1b49bcae7ae500b4a6a, type: 2}
      propertyPath: m_Name
      value: Portal (1)
      objectReference: {fileID: 0}
    - target: {fileID: 4609498130537898, guid: 58912768bd89e1b49bcae7ae500b4a6a, type: 2}
      propertyPath: m_LocalEulerAnglesHint.z
      value: 180
      objectReference: {fileID: 0}
    - target: {fileID: 114246094010589486, guid: 58912768bd89e1b49bcae7ae500b4a6a,
        type: 2}
      propertyPath: PairedPortal
      value: 
      objectReference: {fileID: 0}
    m_RemovedComponents: []
  m_ParentPrefab: {fileID: 100100000, guid: 58912768bd89e1b49bcae7ae500b4a6a, type: 2}
  m_IsPrefabParent: 0
--- !u!1 &1341443412
GameObject:
  m_ObjectHideFlags: 0
  m_PrefabParentObject: {fileID: 0}
  m_PrefabInternal: {fileID: 0}
  serializedVersion: 5
  m_Component:
  - component: {fileID: 1341443414}
  - component: {fileID: 1341443413}
  m_Layer: 0
  m_Name: Cutoff
  m_TagString: Cutoff
  m_Icon: {fileID: 0}
  m_NavMeshLayer: 0
  m_StaticEditorFlags: 0
  m_IsActive: 0
--- !u!114 &1341443413
MonoBehaviour:
  m_ObjectHideFlags: 0
  m_PrefabParentObject: {fileID: 0}
  m_PrefabInternal: {fileID: 0}
  m_GameObject: {fileID: 1341443412}
  m_Enabled: 1
  m_EditorHideFlags: 0
  m_Script: {fileID: 11500000, guid: 152c98bd4dd80bf43b93abd61175477b, type: 3}
  m_Name: 
  m_EditorClassIdentifier: 
  Player: {fileID: 0}
--- !u!4 &1341443414
Transform:
  m_ObjectHideFlags: 0
  m_PrefabParentObject: {fileID: 0}
  m_PrefabInternal: {fileID: 0}
  m_GameObject: {fileID: 1341443412}
  m_LocalRotation: {x: 0, y: 0, z: 0, w: 1}
  m_LocalPosition: {x: -2.5, y: 4, z: 0}
  m_LocalScale: {x: 1, y: 1, z: 1}
  m_Children: []
  m_Father: {fileID: 1532632730}
  m_RootOrder: 1
  m_LocalEulerAnglesHint: {x: 0, y: 0, z: 0}
--- !u!1001 &1344091807
Prefab:
  m_ObjectHideFlags: 0
  serializedVersion: 2
  m_Modification:
    m_TransformParent: {fileID: 250678791}
    m_Modifications:
    - target: {fileID: 460588, guid: b3862bae3bf422c49886ddd0a16d5fe4, type: 2}
      propertyPath: m_LocalPosition.x
      value: 20.5
      objectReference: {fileID: 0}
    - target: {fileID: 460588, guid: b3862bae3bf422c49886ddd0a16d5fe4, type: 2}
      propertyPath: m_LocalPosition.y
      value: 8
      objectReference: {fileID: 0}
    - target: {fileID: 460588, guid: b3862bae3bf422c49886ddd0a16d5fe4, type: 2}
      propertyPath: m_LocalPosition.z
      value: 250
      objectReference: {fileID: 0}
    - target: {fileID: 460588, guid: b3862bae3bf422c49886ddd0a16d5fe4, type: 2}
      propertyPath: m_LocalRotation.x
      value: -0
      objectReference: {fileID: 0}
    - target: {fileID: 460588, guid: b3862bae3bf422c49886ddd0a16d5fe4, type: 2}
      propertyPath: m_LocalRotation.y
      value: -0
      objectReference: {fileID: 0}
    - target: {fileID: 460588, guid: b3862bae3bf422c49886ddd0a16d5fe4, type: 2}
      propertyPath: m_LocalRotation.z
      value: -0
      objectReference: {fileID: 0}
    - target: {fileID: 460588, guid: b3862bae3bf422c49886ddd0a16d5fe4, type: 2}
      propertyPath: m_LocalRotation.w
      value: 1
      objectReference: {fileID: 0}
    - target: {fileID: 460588, guid: b3862bae3bf422c49886ddd0a16d5fe4, type: 2}
      propertyPath: m_RootOrder
      value: 11
      objectReference: {fileID: 0}
    - target: {fileID: 460588, guid: b3862bae3bf422c49886ddd0a16d5fe4, type: 2}
      propertyPath: m_LocalScale.x
      value: 4
      objectReference: {fileID: 0}
    - target: {fileID: 118994, guid: b3862bae3bf422c49886ddd0a16d5fe4, type: 2}
      propertyPath: m_Name
      value: Floor Tile 7 (13)
      objectReference: {fileID: 0}
    - target: {fileID: 118994, guid: b3862bae3bf422c49886ddd0a16d5fe4, type: 2}
      propertyPath: m_Layer
      value: 10
      objectReference: {fileID: 0}
    - target: {fileID: 460588, guid: b3862bae3bf422c49886ddd0a16d5fe4, type: 2}
      propertyPath: m_LocalScale.y
      value: 2
      objectReference: {fileID: 0}
    m_RemovedComponents: []
  m_ParentPrefab: {fileID: 100100000, guid: b3862bae3bf422c49886ddd0a16d5fe4, type: 2}
  m_IsPrefabParent: 0
--- !u!1001 &1351620367
Prefab:
  m_ObjectHideFlags: 0
  serializedVersion: 2
  m_Modification:
    m_TransformParent: {fileID: 0}
    m_Modifications:
    - target: {fileID: 428538, guid: c71a869a5282b7e4193e61e6a3b88fef, type: 2}
      propertyPath: m_LocalPosition.x
      value: 4
      objectReference: {fileID: 0}
    - target: {fileID: 428538, guid: c71a869a5282b7e4193e61e6a3b88fef, type: 2}
      propertyPath: m_LocalPosition.y
      value: 5
      objectReference: {fileID: 0}
    - target: {fileID: 428538, guid: c71a869a5282b7e4193e61e6a3b88fef, type: 2}
      propertyPath: m_LocalPosition.z
      value: 0
      objectReference: {fileID: 0}
    - target: {fileID: 428538, guid: c71a869a5282b7e4193e61e6a3b88fef, type: 2}
      propertyPath: m_LocalRotation.x
      value: 0
      objectReference: {fileID: 0}
    - target: {fileID: 428538, guid: c71a869a5282b7e4193e61e6a3b88fef, type: 2}
      propertyPath: m_LocalRotation.y
      value: 0
      objectReference: {fileID: 0}
    - target: {fileID: 428538, guid: c71a869a5282b7e4193e61e6a3b88fef, type: 2}
      propertyPath: m_LocalRotation.z
      value: 0
      objectReference: {fileID: 0}
    - target: {fileID: 428538, guid: c71a869a5282b7e4193e61e6a3b88fef, type: 2}
      propertyPath: m_LocalRotation.w
      value: 1
      objectReference: {fileID: 0}
    - target: {fileID: 428538, guid: c71a869a5282b7e4193e61e6a3b88fef, type: 2}
      propertyPath: m_RootOrder
      value: 3
      objectReference: {fileID: 0}
    - target: {fileID: 153224, guid: c71a869a5282b7e4193e61e6a3b88fef, type: 2}
      propertyPath: m_Name
      value: Floor Tile - Moving
      objectReference: {fileID: 0}
    - target: {fileID: 449664, guid: c71a869a5282b7e4193e61e6a3b88fef, type: 2}
      propertyPath: m_LocalPosition.x
      value: 0
      objectReference: {fileID: 0}
    - target: {fileID: 449664, guid: c71a869a5282b7e4193e61e6a3b88fef, type: 2}
      propertyPath: m_LocalPosition.y
      value: 8.5
      objectReference: {fileID: 0}
    - target: {fileID: 11448236, guid: c71a869a5282b7e4193e61e6a3b88fef, type: 2}
      propertyPath: Trigger
      value: 
      objectReference: {fileID: 1315481244}
    - target: {fileID: 11448236, guid: c71a869a5282b7e4193e61e6a3b88fef, type: 2}
      propertyPath: ContinuouslyMoving
      value: 1
      objectReference: {fileID: 0}
    - target: {fileID: 11448236, guid: c71a869a5282b7e4193e61e6a3b88fef, type: 2}
      propertyPath: speed
      value: 2
      objectReference: {fileID: 0}
    m_RemovedComponents: []
  m_ParentPrefab: {fileID: 100100000, guid: c71a869a5282b7e4193e61e6a3b88fef, type: 2}
  m_IsPrefabParent: 0
--- !u!4 &1441173907 stripped
Transform:
  m_PrefabParentObject: {fileID: 460588, guid: b3862bae3bf422c49886ddd0a16d5fe4, type: 2}
  m_PrefabInternal: {fileID: 1503265411}
--- !u!1001 &1462967051
Prefab:
  m_ObjectHideFlags: 0
  serializedVersion: 2
  m_Modification:
    m_TransformParent: {fileID: 250678791}
    m_Modifications:
    - target: {fileID: 460588, guid: b3862bae3bf422c49886ddd0a16d5fe4, type: 2}
      propertyPath: m_LocalPosition.x
      value: 21
      objectReference: {fileID: 0}
    - target: {fileID: 460588, guid: b3862bae3bf422c49886ddd0a16d5fe4, type: 2}
      propertyPath: m_LocalPosition.y
      value: 2
      objectReference: {fileID: 0}
    - target: {fileID: 460588, guid: b3862bae3bf422c49886ddd0a16d5fe4, type: 2}
      propertyPath: m_LocalPosition.z
      value: 250
      objectReference: {fileID: 0}
    - target: {fileID: 460588, guid: b3862bae3bf422c49886ddd0a16d5fe4, type: 2}
      propertyPath: m_LocalRotation.x
      value: -0
      objectReference: {fileID: 0}
    - target: {fileID: 460588, guid: b3862bae3bf422c49886ddd0a16d5fe4, type: 2}
      propertyPath: m_LocalRotation.y
      value: -0
      objectReference: {fileID: 0}
    - target: {fileID: 460588, guid: b3862bae3bf422c49886ddd0a16d5fe4, type: 2}
      propertyPath: m_LocalRotation.z
      value: -0
      objectReference: {fileID: 0}
    - target: {fileID: 460588, guid: b3862bae3bf422c49886ddd0a16d5fe4, type: 2}
      propertyPath: m_LocalRotation.w
      value: 1
      objectReference: {fileID: 0}
    - target: {fileID: 460588, guid: b3862bae3bf422c49886ddd0a16d5fe4, type: 2}
      propertyPath: m_RootOrder
      value: 3
      objectReference: {fileID: 0}
    - target: {fileID: 460588, guid: b3862bae3bf422c49886ddd0a16d5fe4, type: 2}
      propertyPath: m_LocalScale.x
      value: 5
      objectReference: {fileID: 0}
    - target: {fileID: 118994, guid: b3862bae3bf422c49886ddd0a16d5fe4, type: 2}
      propertyPath: m_Name
      value: Floor Tile 7 (6)
      objectReference: {fileID: 0}
    - target: {fileID: 118994, guid: b3862bae3bf422c49886ddd0a16d5fe4, type: 2}
      propertyPath: m_Layer
      value: 10
      objectReference: {fileID: 0}
    m_RemovedComponents: []
  m_ParentPrefab: {fileID: 100100000, guid: b3862bae3bf422c49886ddd0a16d5fe4, type: 2}
  m_IsPrefabParent: 0
--- !u!4 &1462967052 stripped
Transform:
  m_PrefabParentObject: {fileID: 460588, guid: b3862bae3bf422c49886ddd0a16d5fe4, type: 2}
  m_PrefabInternal: {fileID: 1462967051}
--- !u!1001 &1503265411
Prefab:
  m_ObjectHideFlags: 0
  serializedVersion: 2
  m_Modification:
    m_TransformParent: {fileID: 250678791}
    m_Modifications:
    - target: {fileID: 460588, guid: b3862bae3bf422c49886ddd0a16d5fe4, type: 2}
      propertyPath: m_LocalPosition.x
      value: 14.5
      objectReference: {fileID: 0}
    - target: {fileID: 460588, guid: b3862bae3bf422c49886ddd0a16d5fe4, type: 2}
      propertyPath: m_LocalPosition.y
      value: 2
      objectReference: {fileID: 0}
    - target: {fileID: 460588, guid: b3862bae3bf422c49886ddd0a16d5fe4, type: 2}
      propertyPath: m_LocalPosition.z
      value: 250
      objectReference: {fileID: 0}
    - target: {fileID: 460588, guid: b3862bae3bf422c49886ddd0a16d5fe4, type: 2}
      propertyPath: m_LocalRotation.x
      value: -0
      objectReference: {fileID: 0}
    - target: {fileID: 460588, guid: b3862bae3bf422c49886ddd0a16d5fe4, type: 2}
      propertyPath: m_LocalRotation.y
      value: -0
      objectReference: {fileID: 0}
    - target: {fileID: 460588, guid: b3862bae3bf422c49886ddd0a16d5fe4, type: 2}
      propertyPath: m_LocalRotation.z
      value: -0
      objectReference: {fileID: 0}
    - target: {fileID: 460588, guid: b3862bae3bf422c49886ddd0a16d5fe4, type: 2}
      propertyPath: m_LocalRotation.w
      value: 1
      objectReference: {fileID: 0}
    - target: {fileID: 460588, guid: b3862bae3bf422c49886ddd0a16d5fe4, type: 2}
      propertyPath: m_RootOrder
      value: 12
      objectReference: {fileID: 0}
    - target: {fileID: 460588, guid: b3862bae3bf422c49886ddd0a16d5fe4, type: 2}
      propertyPath: m_LocalScale.x
      value: 4
      objectReference: {fileID: 0}
    - target: {fileID: 118994, guid: b3862bae3bf422c49886ddd0a16d5fe4, type: 2}
      propertyPath: m_Name
      value: Floor Tile 7 (14)
      objectReference: {fileID: 0}
    - target: {fileID: 118994, guid: b3862bae3bf422c49886ddd0a16d5fe4, type: 2}
      propertyPath: m_Layer
      value: 10
      objectReference: {fileID: 0}
    m_RemovedComponents: []
  m_ParentPrefab: {fileID: 100100000, guid: b3862bae3bf422c49886ddd0a16d5fe4, type: 2}
  m_IsPrefabParent: 0
--- !u!1001 &1513154854
Prefab:
  m_ObjectHideFlags: 0
  serializedVersion: 2
  m_Modification:
    m_TransformParent: {fileID: 0}
    m_Modifications:
    - target: {fileID: 428538, guid: c71a869a5282b7e4193e61e6a3b88fef, type: 2}
      propertyPath: m_LocalPosition.x
      value: 9
      objectReference: {fileID: 0}
    - target: {fileID: 428538, guid: c71a869a5282b7e4193e61e6a3b88fef, type: 2}
      propertyPath: m_LocalPosition.y
      value: 5.5
      objectReference: {fileID: 0}
    - target: {fileID: 428538, guid: c71a869a5282b7e4193e61e6a3b88fef, type: 2}
      propertyPath: m_LocalPosition.z
      value: 0
      objectReference: {fileID: 0}
    - target: {fileID: 428538, guid: c71a869a5282b7e4193e61e6a3b88fef, type: 2}
      propertyPath: m_LocalRotation.x
      value: 0
      objectReference: {fileID: 0}
    - target: {fileID: 428538, guid: c71a869a5282b7e4193e61e6a3b88fef, type: 2}
      propertyPath: m_LocalRotation.y
      value: 0
      objectReference: {fileID: 0}
    - target: {fileID: 428538, guid: c71a869a5282b7e4193e61e6a3b88fef, type: 2}
      propertyPath: m_LocalRotation.z
      value: 0.7071068
      objectReference: {fileID: 0}
    - target: {fileID: 428538, guid: c71a869a5282b7e4193e61e6a3b88fef, type: 2}
      propertyPath: m_LocalRotation.w
      value: 0.7071067
      objectReference: {fileID: 0}
    - target: {fileID: 428538, guid: c71a869a5282b7e4193e61e6a3b88fef, type: 2}
      propertyPath: m_RootOrder
      value: 23
      objectReference: {fileID: 0}
    - target: {fileID: 153224, guid: c71a869a5282b7e4193e61e6a3b88fef, type: 2}
      propertyPath: m_Name
      value: Triggered Moving Platform (4)
      objectReference: {fileID: 0}
    - target: {fileID: 11448236, guid: c71a869a5282b7e4193e61e6a3b88fef, type: 2}
      propertyPath: Trigger
      value: 
      objectReference: {fileID: 1315481244}
    - target: {fileID: 187016, guid: c71a869a5282b7e4193e61e6a3b88fef, type: 2}
      propertyPath: m_IsActive
      value: 0
      objectReference: {fileID: 0}
    - target: {fileID: 444128, guid: c71a869a5282b7e4193e61e6a3b88fef, type: 2}
      propertyPath: m_LocalPosition.x
      value: 0
      objectReference: {fileID: 0}
    - target: {fileID: 449664, guid: c71a869a5282b7e4193e61e6a3b88fef, type: 2}
      propertyPath: m_LocalPosition.x
      value: 2
      objectReference: {fileID: 0}
    m_RemovedComponents: []
  m_ParentPrefab: {fileID: 100100000, guid: c71a869a5282b7e4193e61e6a3b88fef, type: 2}
  m_IsPrefabParent: 0
--- !u!1 &1532632729
GameObject:
  m_ObjectHideFlags: 0
  m_PrefabParentObject: {fileID: 0}
  m_PrefabInternal: {fileID: 0}
  serializedVersion: 5
  m_Component:
  - component: {fileID: 1532632730}
  m_Layer: 0
  m_Name: Spawns and Detections
  m_TagString: Untagged
  m_Icon: {fileID: 0}
  m_NavMeshLayer: 0
  m_StaticEditorFlags: 0
  m_IsActive: 0
--- !u!4 &1532632730
Transform:
  m_ObjectHideFlags: 0
  m_PrefabParentObject: {fileID: 0}
  m_PrefabInternal: {fileID: 0}
  m_GameObject: {fileID: 1532632729}
  m_LocalRotation: {x: 0, y: 0, z: 0, w: 1}
  m_LocalPosition: {x: 0, y: 0, z: 0}
  m_LocalScale: {x: 1, y: 1, z: 1}
  m_Children:
  - {fileID: 645754759}
  - {fileID: 1341443414}
  m_Father: {fileID: 0}
  m_RootOrder: 8
  m_LocalEulerAnglesHint: {x: 0, y: 0, z: 0}
--- !u!4 &1579302013 stripped
Transform:
  m_PrefabParentObject: {fileID: 460588, guid: b3862bae3bf422c49886ddd0a16d5fe4, type: 2}
  m_PrefabInternal: {fileID: 1344091807}
--- !u!1 &1615965831 stripped
GameObject:
  m_PrefabParentObject: {fileID: 141064, guid: fc59589a622940c4e9289dc6260f116a, type: 2}
  m_PrefabInternal: {fileID: 592928362}
--- !u!1001 &1661205690
Prefab:
  m_ObjectHideFlags: 0
  serializedVersion: 2
  m_Modification:
    m_TransformParent: {fileID: 250678791}
    m_Modifications:
    - target: {fileID: 460588, guid: b3862bae3bf422c49886ddd0a16d5fe4, type: 2}
      propertyPath: m_LocalPosition.x
      value: 16.5
      objectReference: {fileID: 0}
    - target: {fileID: 460588, guid: b3862bae3bf422c49886ddd0a16d5fe4, type: 2}
      propertyPath: m_LocalPosition.y
      value: 8
      objectReference: {fileID: 0}
    - target: {fileID: 460588, guid: b3862bae3bf422c49886ddd0a16d5fe4, type: 2}
      propertyPath: m_LocalPosition.z
      value: 250
      objectReference: {fileID: 0}
    - target: {fileID: 460588, guid: b3862bae3bf422c49886ddd0a16d5fe4, type: 2}
      propertyPath: m_LocalRotation.x
      value: -0
      objectReference: {fileID: 0}
    - target: {fileID: 460588, guid: b3862bae3bf422c49886ddd0a16d5fe4, type: 2}
      propertyPath: m_LocalRotation.y
      value: -0
      objectReference: {fileID: 0}
    - target: {fileID: 460588, guid: b3862bae3bf422c49886ddd0a16d5fe4, type: 2}
      propertyPath: m_LocalRotation.z
      value: -0
      objectReference: {fileID: 0}
    - target: {fileID: 460588, guid: b3862bae3bf422c49886ddd0a16d5fe4, type: 2}
      propertyPath: m_LocalRotation.w
      value: 1
      objectReference: {fileID: 0}
    - target: {fileID: 460588, guid: b3862bae3bf422c49886ddd0a16d5fe4, type: 2}
      propertyPath: m_RootOrder
      value: 6
      objectReference: {fileID: 0}
    - target: {fileID: 460588, guid: b3862bae3bf422c49886ddd0a16d5fe4, type: 2}
      propertyPath: m_LocalScale.x
      value: 4
      objectReference: {fileID: 0}
    - target: {fileID: 118994, guid: b3862bae3bf422c49886ddd0a16d5fe4, type: 2}
      propertyPath: m_Name
      value: Floor Tile 7 (8)
      objectReference: {fileID: 0}
    - target: {fileID: 118994, guid: b3862bae3bf422c49886ddd0a16d5fe4, type: 2}
      propertyPath: m_Layer
      value: 10
      objectReference: {fileID: 0}
    - target: {fileID: 460588, guid: b3862bae3bf422c49886ddd0a16d5fe4, type: 2}
      propertyPath: m_LocalScale.y
      value: 2
      objectReference: {fileID: 0}
    m_RemovedComponents: []
  m_ParentPrefab: {fileID: 100100000, guid: b3862bae3bf422c49886ddd0a16d5fe4, type: 2}
  m_IsPrefabParent: 0
--- !u!4 &1661205691 stripped
Transform:
  m_PrefabParentObject: {fileID: 460588, guid: b3862bae3bf422c49886ddd0a16d5fe4, type: 2}
  m_PrefabInternal: {fileID: 1661205690}
--- !u!1001 &1758774085
Prefab:
  m_ObjectHideFlags: 0
  serializedVersion: 2
  m_Modification:
    m_TransformParent: {fileID: 0}
    m_Modifications:
    - target: {fileID: 4000010774129542, guid: aa606311305dcde498121bb2d9672913, type: 2}
      propertyPath: m_LocalPosition.x
      value: 13.5
      objectReference: {fileID: 0}
    - target: {fileID: 4000010774129542, guid: aa606311305dcde498121bb2d9672913, type: 2}
      propertyPath: m_LocalPosition.y
      value: 13
      objectReference: {fileID: 0}
    - target: {fileID: 4000010774129542, guid: aa606311305dcde498121bb2d9672913, type: 2}
      propertyPath: m_LocalPosition.z
      value: 0
      objectReference: {fileID: 0}
    - target: {fileID: 4000010774129542, guid: aa606311305dcde498121bb2d9672913, type: 2}
      propertyPath: m_LocalRotation.x
      value: 0.00000008146034
      objectReference: {fileID: 0}
    - target: {fileID: 4000010774129542, guid: aa606311305dcde498121bb2d9672913, type: 2}
      propertyPath: m_LocalRotation.y
      value: -0
      objectReference: {fileID: 0}
    - target: {fileID: 4000010774129542, guid: aa606311305dcde498121bb2d9672913, type: 2}
      propertyPath: m_LocalRotation.z
      value: -0
      objectReference: {fileID: 0}
    - target: {fileID: 4000010774129542, guid: aa606311305dcde498121bb2d9672913, type: 2}
      propertyPath: m_LocalRotation.w
      value: 1
      objectReference: {fileID: 0}
    - target: {fileID: 4000010774129542, guid: aa606311305dcde498121bb2d9672913, type: 2}
      propertyPath: m_RootOrder
      value: 4
      objectReference: {fileID: 0}
    - target: {fileID: 114000011274432684, guid: aa606311305dcde498121bb2d9672913,
        type: 2}
      propertyPath: TimeControlled
      value: 0
      objectReference: {fileID: 0}
    - target: {fileID: 1000013205457002, guid: aa606311305dcde498121bb2d9672913, type: 2}
      propertyPath: m_IsActive
      value: 1
      objectReference: {fileID: 0}
    - target: {fileID: 114000011658360536, guid: aa606311305dcde498121bb2d9672913,
        type: 2}
      propertyPath: m_Enabled
      value: 0
      objectReference: {fileID: 0}
    m_RemovedComponents: []
  m_ParentPrefab: {fileID: 100100000, guid: aa606311305dcde498121bb2d9672913, type: 2}
  m_IsPrefabParent: 0
--- !u!1001 &1774754979
Prefab:
  m_ObjectHideFlags: 0
  serializedVersion: 2
  m_Modification:
    m_TransformParent: {fileID: 250678791}
    m_Modifications:
    - target: {fileID: 460588, guid: b3862bae3bf422c49886ddd0a16d5fe4, type: 2}
      propertyPath: m_LocalPosition.x
      value: 9
      objectReference: {fileID: 0}
    - target: {fileID: 460588, guid: b3862bae3bf422c49886ddd0a16d5fe4, type: 2}
      propertyPath: m_LocalPosition.y
      value: 6.5
      objectReference: {fileID: 0}
    - target: {fileID: 460588, guid: b3862bae3bf422c49886ddd0a16d5fe4, type: 2}
      propertyPath: m_LocalPosition.z
      value: 250
      objectReference: {fileID: 0}
    - target: {fileID: 460588, guid: b3862bae3bf422c49886ddd0a16d5fe4, type: 2}
      propertyPath: m_LocalRotation.x
      value: -0
      objectReference: {fileID: 0}
    - target: {fileID: 460588, guid: b3862bae3bf422c49886ddd0a16d5fe4, type: 2}
      propertyPath: m_LocalRotation.y
      value: -0
      objectReference: {fileID: 0}
    - target: {fileID: 460588, guid: b3862bae3bf422c49886ddd0a16d5fe4, type: 2}
      propertyPath: m_LocalRotation.z
      value: -0
      objectReference: {fileID: 0}
    - target: {fileID: 460588, guid: b3862bae3bf422c49886ddd0a16d5fe4, type: 2}
      propertyPath: m_LocalRotation.w
      value: 1
      objectReference: {fileID: 0}
    - target: {fileID: 460588, guid: b3862bae3bf422c49886ddd0a16d5fe4, type: 2}
      propertyPath: m_RootOrder
      value: 14
      objectReference: {fileID: 0}
    - target: {fileID: 460588, guid: b3862bae3bf422c49886ddd0a16d5fe4, type: 2}
      propertyPath: m_LocalScale.x
      value: 1
      objectReference: {fileID: 0}
    - target: {fileID: 118994, guid: b3862bae3bf422c49886ddd0a16d5fe4, type: 2}
      propertyPath: m_Name
      value: Floor Tile 7 (16)
      objectReference: {fileID: 0}
    - target: {fileID: 118994, guid: b3862bae3bf422c49886ddd0a16d5fe4, type: 2}
      propertyPath: m_Layer
      value: 10
      objectReference: {fileID: 0}
    - target: {fileID: 460588, guid: b3862bae3bf422c49886ddd0a16d5fe4, type: 2}
      propertyPath: m_LocalScale.y
      value: 1
      objectReference: {fileID: 0}
    m_RemovedComponents: []
  m_ParentPrefab: {fileID: 100100000, guid: b3862bae3bf422c49886ddd0a16d5fe4, type: 2}
  m_IsPrefabParent: 0
--- !u!4 &1820354233 stripped
Transform:
  m_PrefabParentObject: {fileID: 420786, guid: 3150436fabf37324ebdad1113265b201, type: 2}
  m_PrefabInternal: {fileID: 147479238}
--- !u!1001 &1845982492
Prefab:
  m_ObjectHideFlags: 0
  serializedVersion: 2
  m_Modification:
    m_TransformParent: {fileID: 250678791}
    m_Modifications:
    - target: {fileID: 460588, guid: b3862bae3bf422c49886ddd0a16d5fe4, type: 2}
      propertyPath: m_LocalPosition.x
      value: 17.5
      objectReference: {fileID: 0}
    - target: {fileID: 460588, guid: b3862bae3bf422c49886ddd0a16d5fe4, type: 2}
      propertyPath: m_LocalPosition.y
      value: 0
      objectReference: {fileID: 0}
    - target: {fileID: 460588, guid: b3862bae3bf422c49886ddd0a16d5fe4, type: 2}
      propertyPath: m_LocalPosition.z
      value: 250
      objectReference: {fileID: 0}
    - target: {fileID: 460588, guid: b3862bae3bf422c49886ddd0a16d5fe4, type: 2}
      propertyPath: m_LocalRotation.x
      value: -0
      objectReference: {fileID: 0}
    - target: {fileID: 460588, guid: b3862bae3bf422c49886ddd0a16d5fe4, type: 2}
      propertyPath: m_LocalRotation.y
      value: -0
      objectReference: {fileID: 0}
    - target: {fileID: 460588, guid: b3862bae3bf422c49886ddd0a16d5fe4, type: 2}
      propertyPath: m_LocalRotation.z
      value: -0
      objectReference: {fileID: 0}
    - target: {fileID: 460588, guid: b3862bae3bf422c49886ddd0a16d5fe4, type: 2}
      propertyPath: m_LocalRotation.w
      value: 1
      objectReference: {fileID: 0}
    - target: {fileID: 460588, guid: b3862bae3bf422c49886ddd0a16d5fe4, type: 2}
      propertyPath: m_RootOrder
      value: 9
      objectReference: {fileID: 0}
    - target: {fileID: 460588, guid: b3862bae3bf422c49886ddd0a16d5fe4, type: 2}
      propertyPath: m_LocalScale.x
      value: 2
      objectReference: {fileID: 0}
    - target: {fileID: 118994, guid: b3862bae3bf422c49886ddd0a16d5fe4, type: 2}
      propertyPath: m_Name
      value: Floor Tile 7 (11)
      objectReference: {fileID: 0}
    - target: {fileID: 118994, guid: b3862bae3bf422c49886ddd0a16d5fe4, type: 2}
      propertyPath: m_Layer
      value: 10
      objectReference: {fileID: 0}
    - target: {fileID: 460588, guid: b3862bae3bf422c49886ddd0a16d5fe4, type: 2}
      propertyPath: m_LocalScale.y
      value: 1
      objectReference: {fileID: 0}
    m_RemovedComponents: []
  m_ParentPrefab: {fileID: 100100000, guid: b3862bae3bf422c49886ddd0a16d5fe4, type: 2}
  m_IsPrefabParent: 0
--- !u!4 &1845982493 stripped
Transform:
  m_PrefabParentObject: {fileID: 460588, guid: b3862bae3bf422c49886ddd0a16d5fe4, type: 2}
  m_PrefabInternal: {fileID: 1845982492}
--- !u!1001 &1927582593
Prefab:
  m_ObjectHideFlags: 0
  serializedVersion: 2
  m_Modification:
    m_TransformParent: {fileID: 0}
    m_Modifications:
    - target: {fileID: 470190, guid: 4b3a9b5366a647c4d9243c184a4d2d1c, type: 2}
      propertyPath: m_LocalPosition.x
      value: 0
      objectReference: {fileID: 0}
    - target: {fileID: 470190, guid: 4b3a9b5366a647c4d9243c184a4d2d1c, type: 2}
      propertyPath: m_LocalPosition.y
      value: 0
      objectReference: {fileID: 0}
    - target: {fileID: 470190, guid: 4b3a9b5366a647c4d9243c184a4d2d1c, type: 2}
      propertyPath: m_LocalPosition.z
      value: 0
      objectReference: {fileID: 0}
    - target: {fileID: 470190, guid: 4b3a9b5366a647c4d9243c184a4d2d1c, type: 2}
      propertyPath: m_LocalRotation.x
      value: 0
      objectReference: {fileID: 0}
    - target: {fileID: 470190, guid: 4b3a9b5366a647c4d9243c184a4d2d1c, type: 2}
      propertyPath: m_LocalRotation.y
      value: 0
      objectReference: {fileID: 0}
    - target: {fileID: 470190, guid: 4b3a9b5366a647c4d9243c184a4d2d1c, type: 2}
      propertyPath: m_LocalRotation.z
      value: 0
      objectReference: {fileID: 0}
    - target: {fileID: 470190, guid: 4b3a9b5366a647c4d9243c184a4d2d1c, type: 2}
      propertyPath: m_LocalRotation.w
      value: 1
      objectReference: {fileID: 0}
    - target: {fileID: 470190, guid: 4b3a9b5366a647c4d9243c184a4d2d1c, type: 2}
      propertyPath: m_RootOrder
      value: 17
      objectReference: {fileID: 0}
    - target: {fileID: 11419014, guid: 4b3a9b5366a647c4d9243c184a4d2d1c, type: 2}
      propertyPath: t
      value: 1
      objectReference: {fileID: 0}
    m_RemovedComponents: []
  m_ParentPrefab: {fileID: 100100000, guid: 4b3a9b5366a647c4d9243c184a4d2d1c, type: 2}
  m_IsPrefabParent: 0
--- !u!1001 &1972439312
Prefab:
  m_ObjectHideFlags: 0
  serializedVersion: 2
  m_Modification:
    m_TransformParent: {fileID: 0}
    m_Modifications:
    - target: {fileID: 479506, guid: a35f20a788353e44db487ef5c3c49c2d, type: 2}
      propertyPath: m_LocalPosition.x
      value: 6.18
      objectReference: {fileID: 0}
    - target: {fileID: 479506, guid: a35f20a788353e44db487ef5c3c49c2d, type: 2}
      propertyPath: m_LocalPosition.y
      value: 12.8
      objectReference: {fileID: 0}
    - target: {fileID: 479506, guid: a35f20a788353e44db487ef5c3c49c2d, type: 2}
      propertyPath: m_LocalPosition.z
      value: 0
      objectReference: {fileID: 0}
    - target: {fileID: 479506, guid: a35f20a788353e44db487ef5c3c49c2d, type: 2}
      propertyPath: m_LocalRotation.x
      value: 0
      objectReference: {fileID: 0}
    - target: {fileID: 479506, guid: a35f20a788353e44db487ef5c3c49c2d, type: 2}
      propertyPath: m_LocalRotation.y
      value: 0
      objectReference: {fileID: 0}
    - target: {fileID: 479506, guid: a35f20a788353e44db487ef5c3c49c2d, type: 2}
      propertyPath: m_LocalRotation.z
      value: 0
      objectReference: {fileID: 0}
    - target: {fileID: 479506, guid: a35f20a788353e44db487ef5c3c49c2d, type: 2}
      propertyPath: m_LocalRotation.w
      value: 1
      objectReference: {fileID: 0}
    - target: {fileID: 479506, guid: a35f20a788353e44db487ef5c3c49c2d, type: 2}
      propertyPath: m_RootOrder
      value: 21
      objectReference: {fileID: 0}
    - target: {fileID: 170188, guid: a35f20a788353e44db487ef5c3c49c2d, type: 2}
      propertyPath: m_Name
      value: LevelGem (3)
      objectReference: {fileID: 0}
    m_RemovedComponents: []
  m_ParentPrefab: {fileID: 100100000, guid: a35f20a788353e44db487ef5c3c49c2d, type: 2}
  m_IsPrefabParent: 0
--- !u!1001 &2110241132
Prefab:
  m_ObjectHideFlags: 0
  serializedVersion: 2
  m_Modification:
    m_TransformParent: {fileID: 0}
    m_Modifications:
    - target: {fileID: 22413646, guid: a038b284634e29f4aaf058814aa61a6f, type: 2}
      propertyPath: m_RootOrder
      value: 13
      objectReference: {fileID: 0}
    m_RemovedComponents: []
  m_ParentPrefab: {fileID: 100100000, guid: a038b284634e29f4aaf058814aa61a6f, type: 2}
  m_IsPrefabParent: 0
