%YAML 1.1
%TAG !u! tag:unity3d.com,2011:
--- !u!1 &104104
GameObject:
  m_ObjectHideFlags: 0
  m_PrefabParentObject: {fileID: 0}
  m_PrefabInternal: {fileID: 100100000}
  serializedVersion: 4
  m_Component:
  - 4: {fileID: 445710}
  - 33: {fileID: 3301582}
  - 23: {fileID: 2377328}
  - 61: {fileID: 6154858}
  - 50: {fileID: 5016574}
  - 233: {fileID: 23389544}
  m_Layer: 10
  m_Name: Bridge Link
  m_TagString: Untagged
  m_Icon: {fileID: 0}
  m_NavMeshLayer: 0
  m_StaticEditorFlags: 0
  m_IsActive: 1
--- !u!4 &445710
Transform:
  m_ObjectHideFlags: 1
  m_PrefabParentObject: {fileID: 0}
  m_PrefabInternal: {fileID: 100100000}
  m_GameObject: {fileID: 104104}
  m_LocalRotation: {x: 0, y: 0, z: 0, w: 1}
  m_LocalPosition: {x: 35.86, y: 5.45, z: 0.07871628}
  m_LocalScale: {x: 1.5, y: 0.1, z: 1}
  m_LocalEulerAnglesHint: {x: 0, y: 0, z: 0}
  m_Children: []
  m_Father: {fileID: 0}
  m_RootOrder: 0
--- !u!23 &2377328
MeshRenderer:
  m_ObjectHideFlags: 1
  m_PrefabParentObject: {fileID: 0}
  m_PrefabInternal: {fileID: 100100000}
  m_GameObject: {fileID: 104104}
  m_Enabled: 1
  m_CastShadows: 1
  m_ReceiveShadows: 1
  m_Materials:
  - {fileID: 2100000, guid: da1a0a6eb22623e4f8b489cadf6e2817, type: 2}
  m_SubsetIndices: 
  m_StaticBatchRoot: {fileID: 0}
  m_UseLightProbes: 1
  m_ReflectionProbeUsage: 1
  m_ProbeAnchor: {fileID: 0}
  m_ScaleInLightmap: 1
  m_PreserveUVs: 1
  m_IgnoreNormalsForChartDetection: 0
  m_ImportantGI: 0
  m_MinimumChartSize: 4
  m_AutoUVMaxDistance: 0.5
  m_AutoUVMaxAngle: 89
  m_LightmapParameters: {fileID: 0}
  m_SortingLayerID: 0
  m_SortingOrder: 0
--- !u!33 &3301582
MeshFilter:
  m_ObjectHideFlags: 1
  m_PrefabParentObject: {fileID: 0}
  m_PrefabInternal: {fileID: 100100000}
  m_GameObject: {fileID: 104104}
  m_Mesh: {fileID: 10202, guid: 0000000000000000e000000000000000, type: 0}
--- !u!50 &5016574
Rigidbody2D:
  serializedVersion: 2
  m_ObjectHideFlags: 1
  m_PrefabParentObject: {fileID: 0}
  m_PrefabInternal: {fileID: 100100000}
  m_GameObject: {fileID: 104104}
  m_UseAutoMass: 0
  m_Mass: 1
  m_LinearDrag: 0
  m_AngularDrag: 0.05
  m_GravityScale: 1
  m_IsKinematic: 0
  m_Interpolate: 0
  m_SleepingMode: 1
  m_CollisionDetection: 0
  m_Constraints: 0
--- !u!61 &6154858
BoxCollider2D:
  m_ObjectHideFlags: 1
  m_PrefabParentObject: {fileID: 0}
  m_PrefabInternal: {fileID: 100100000}
  m_GameObject: {fileID: 104104}
  m_Enabled: 1
  m_Density: 1
  m_Material: {fileID: 6200000, guid: 3626fe8e008014f6bbd19bb72937b311, type: 2}
  m_IsTrigger: 0
  m_UsedByEffector: 0
  m_Offset: {x: 0, y: 0}
  serializedVersion: 2
  m_Size: {x: 1, y: 1}
--- !u!233 &23389544
HingeJoint2D:
  m_ObjectHideFlags: 1
  m_PrefabParentObject: {fileID: 0}
  m_PrefabInternal: {fileID: 100100000}
  m_GameObject: {fileID: 104104}
  m_Enabled: 1
  serializedVersion: 4
  m_EnableCollision: 0
  m_ConnectedRigidBody: {fileID: 0}
  m_BreakForce: Infinity
  m_BreakTorque: Infinity
  m_AutoConfigureConnectedAnchor: 1
  m_Anchor: {x: 0, y: 0}
  m_ConnectedAnchor: {x: 35.86, y: 5.45}
  m_UseMotor: 0
  m_Motor:
    m_MotorSpeed: 0
    m_MaximumMotorForce: 10000
  m_UseLimits: 0
  m_AngleLimits:
    m_LowerAngle: 0
    m_UpperAngle: 359
--- !u!1001 &100100000
Prefab:
  m_ObjectHideFlags: 1
  serializedVersion: 2
  m_Modification:
    m_TransformParent: {fileID: 0}
    m_Modifications: []
    m_RemovedComponents: []
  m_ParentPrefab: {fileID: 0}
  m_RootGameObject: {fileID: 104104}
  m_IsPrefabParent: 1
